1627 2765
0 1296 29 1366 ‘Vl

781 189 828 225 2⁷

189 306 403 342 conveniunt
426 308 462 341 et
488 318 638 353 magnae
673 306 708 342 in
750 307 792 342 iis
828 307 974 342 facetiae
1008 308 1102 349 sunt,
1137 319 1217 342 cum
1243 306 1363 341 verba:
1397 303 1426 341 εἰ

188 367 246 413 μὲν
270 366 333 412 γὰρ
357 363 452 402 ἕνεκα
476 367 655 415 χρημάτων
679 377 735 414 μοι
759 363 962 412 ὲπιβουλείηι,
987 371 1177 414 ωκοφαντεῖ
1208 365 1252 401 ab
1278 364 1425 400 homine

188 423 294 467 dicta,
334 424 395 471 qui
435 424 541 471 paulo
576 427 657 472 post
690 425 726 472 (ὅ
761 425 824 471 26)
865 425 1017 461 disserit:
1057 428 1129 472 περὶ
1164 424 1285 472 ὀβολοῦ
1327 428 1426 473 μόνον

188 488 341 532 ποιοῦμαι
364 484 438 524 τοὺς
473 485 602 529 λόγους,
637 484 745 520 risum
780 485 939 520 omnium
970 486 1173 520 senatorum
1208 496 1426 520 commovere

189 542 382 581 debuerint.
433 543 483 580 At
507 556 552 580 ne
577 543 721 581 facetias
746 544 947 592 restringat,
983 545 1102 580 orator
1136 556 1208 580 non
1243 544 1346 591 plura
1382 542 1425 579 de

189 603 254 637 hac
278 614 317 638 re
341 601 449 646 addit,
480 603 565 648 {cum
600 603 752 638 alterum
781 603 886 639 illud:
923 602 952 638 εἰ
986 602 1063 643 δ’ὡς
1097 603 1221 650 ἐχθρόν
1255 615 1425 650 με-τιμω-

187 667 285 708 ρεῖται
313 662 508 697 accuratius
533 662 673 698 refutet.
724 661 856 698 Locum
890 662 1002 709 igitur
1036 662 1085 697 sic
1115 662 1278 698 restituo:
1316 660 1344 696 εἰ
1368 663 1426 708 μὲν

188 722 251 766 γὰρ
275 719 370 755 ἕνεκα
389 723 567 769 χρημάτων
597 734 653 769 μοι
677 720 881 767 ὲπιβοολεὺει,
907 727 1109 770 συκοφαντεῖ,
1144 720 1172 756 εἰ
1197 720 1272 761 δ’ὡς
1302 720 1426 768 ἐχθρὸν

188 777 303 814 ἑαυτοῦ
329 792 369 827 με
393 786 580 827 τιμωρεῖται,
608 780 762 828 ψεὺδεται.

750 879 773 909 J

641 972 644 975 ,
688 925 792 963 Ibid.
820 926 845 972 5
871 925 929 961 lo.

287 994 376 1040 Ἐγὼ
411 997 483 1043 γάρ,
518 994 545 1030 ὦ
581 996 692 1043 βουλή,
732 998 855 1036 πάντας
889 996 963 1036 τοὺς
998 995 1135 1043 ἔχοντάς
1169 1008 1196 1030 τι
1231 995 1425 1043 δυστὺχημα

187 1060 309 1091 τοιοῦτο
318 1055 345 1101 1)
370 1057 471 1103 ζηυεῐν
495 1057 554 1090 καὶ
578 1060 669 1090 τοῦτο
695 1056 888 1104 φιλοσοφεῖν,
920 1054 1009 1096 ὅπως
1035 1055 1080 1096 ὡς
1111 1054 1296 1092 ἀλυπότατα
1326 1068 1425 1103 μετα-

187 1120 374 1164 χειριοῦνται
398 1117 440 1156 τὸ,
458 1116 653 1162 συεβεβηκὸς
679 1116 802 1155 πάθος·

286 1175 396 1216 Quem
426 1174 541 1209 locum
568 1176 609 1209 ut
638 1176 789 1217 sanaret,
822 1173 1001 1210 Scheibius
1030 1175 1183 1220 scripsit:
1221 1174 1319 1218 ἔγνων
1351 1177 1424 1220 γάρ,

189 1232 216 1268 ὦ
243 1233 358 1281 βουλή,
392 1259 400 1267 .
429 1259 437 1267 .
466 1259 474 1267 .
531 1231 744 1277 Kayserus2)
777 1234 899 1268 autem
933 1233 1131 1279 proposuit:
1173 1231 1261 1273 εἰκὸς
1286 1235 1359 1279 γάρ,
1399 1231 1427 1267 ὦ

190 1293 304 1339 βουλή,
331 1318 340 1326 .
368 1318 376 1326 .
404 1317 412 1326 .
450 1303 556 1337 quam
590 1291 825 1327 coniecturam
862 1292 968 1327 etiam
1004 1292 1315 1328 Rauchensteinius
1350 1304 1425 1327 am-

187 1352 309 1397 plexus
335 1352 394 1386 est.
449 1350 501 1384 Ad
526 1350 735 1385 sententiam
766 1350 905 1395 quidem
932 1352 1082 1397 utraque
1109 1352 1311 1386 coniectura
1338 1363 1426 1397 qua-

190 1410 281 1454 drat,
307 1409 365 1446 sed
392 1409 539 1456 Kayseri
565 1421 689 1455 parum
715 1408 954 1445 similitudinis
979 1422 1059 1445 cum
1083 1409 1216 1445 tradita
1253 1409 1426 1456 scriptura

190 1469 308 1512 habet,
335 1469 378 1503 ad
405 1480 511 1514 quam
538 1468 682 1514 propius
707 1468 838 1503 accedit
853 1468 1069 1505 Scheibiana.
1120 1469 1287 1504 Attamen
1309 1481 1427 1504 emen-

190 1519 366 1564 dationem
392 1540 465 1563 non
491 1527 722 1573 probaverim,
749 1539 828 1563 cum
855 1527 946 1563 haud
972 1528 1046 1564 sine
1061 1528 1205 1564 consilio
1231 1540 1427 1574 pronomen

191 1588 304 1633 primo
330 1586 433 1621 huius
450 1586 626 1621 enuntiati
646 1586 723 1621 loco
746 1587 900 1631 positum
917 1587 1086 1623 videatur.
1137 1587 1236 1629 Quod
1254 1586 1429 1632 Sauppius

190 1652 331 1692 quoque
355 1644 588 1688 intellexerat,
615 1656 695 1681 cum
721 1645 902 1680 scriberet:
930 1644 994 1689 ἐγὼ
1010 1647 1075 1692 γὰρ
1091 1644 1167 1692 ὁρῶ,
1189 1644 1216 1679 ὦ
1234 1646 1348 1691 βουλή,
1364 1671 1373 1679 .
1392 1670 1400 1678 .
1418 1671 1426 1678 .

190 1705 240 1740 At
265 1717 309 1740 ne
335 1705 426 1740 hanc
462 1703 603 1751 quidem
638 1703 930 1748 emendationem,
968 1717 1075 1750 quam
1110 1717 1204 1741 nunc
1241 1703 1428 1740 Rauchen-

189 1764 334 1800 steinius
359 1776 500 1810 quoque
524 1763 719 1809 Kayserum
749 1765 887 1799 secutus
922 1764 1051 1807 reiecit,
1088 1763 1312 1804 defenderim,
1349 1776 1428 1799 cum

188 1822 259 1858 iam
284 1822 447 1859 librarius
471 1821 597 1858 codicis
623 1821 852 1857 Laurentiani
877 1823 1039 1858 lacunam
1067 1835 1109 1858 ex
1136 1822 1259 1870 Lysiae
1285 1812 1349 1857 usu
1375 1822 1428 1856 di-

189 1882 289 1917 cendi
314 1882 402 1918 bene
426 1881 615 1928 explevisse
640 1881 728 1916 mihi
754 1881 924 1917 videatur.
976 1881 1143 1928 Legimus
1173 1882 1267 1916 enim
1303 1881 1339 1915 in
1366 1881 1427 1915 illo

191 1937 299 1976 libro:
327 1939 392 1985 ἐγὼ
417 1942 490 1987 γάρ,
516 1938 543 1974 ὦ
564 1940 676 1987 βουλή,
703 1941 825 1980 πάντας
851 1938 941 1987 οἶμαι
964 1940 1039 1980 τοὺς
1064 1966 1071 1974 .
1098 1966 1106 1974 .
1133 1966 1141 1974 .

288 2000 419 2035 Eadem
435 2000 540 2046 plane
556 1999 693 2037 ratione
708 1999 745 2034 in
767 1998 786 2045 ἓ
806 1999 851 2035 15
871 1999 1017 2046 legitur:
1045 1997 1110 2043 ἐγὼ
1128 1996 1255 2046 δ’ὑμᾶς,
1272 1997 1298 2033 ὧ
1316 1999 1427 2046 βουλή,

193 2065 308 2107 σαφῶς
334 2057 424 2106 οἶμαι
458 2059 520 2092 δεῖν
557 2084 565 2092 .
593 2084 600 2092 .
629 2084 637 2092 .
675 2058 719 2092 cf.
746 2057 766 2103 ξ
792 2059 860 2100 21.,
898 2057 977 2093 VII.
1019 2058 1088 2100 12„
1124 2058 1183 2093 40.
1244 2057 1361 2092 Etiam
1391 2058 1428 2092 in

191 2130 241 2153 or.
268 2117 348 2155 VII.
375 2117 394 2163 ξ
421 2117 468 2153 36
495 2119 530 2152 et
555 2116 591 2151 in
619 2128 671 2151 or.
698 2115 812 2151 XXII.
833 2115 852 2162 ξ
872 2117 913 2152 11
934 2115 1055 2163 οἴομαι,
1082 2117 1162 2162 post
1179 2116 1429 2153 allocutionem

274 2274 297 2313 1)
317 2275 356 2306 cf.
376 2275 523 2313 Lampros
544 2275 564 2305 l.
585 2274 606 2304 1.
627 2285 657 2313 p.
679 2274 745 2304 271.

273 2322 300 2362 ¹)
322 2324 402 2354 Anu.
423 2324 619 2362 Heidelberg.
642 2323 727 2353 1854.
750 2333 779 2361 p.
801 2322 870 2353 227.
