1627 2765
799 182 819 219 7

189 298 369 346 impedita,
396 311 475 336 eum
501 311 565 346 pro
591 300 851 346 praepositione
875 297 985 335 ΠΕΡΙ
1012 299 1205 346 posteriore
1235 300 1312 335 loco
1339 299 1427 335 desi-

190 358 331 394 deretur
356 358 489 402 ΥΠΕΡ,
517 371 622 405 quam
649 360 786 395 restitui
812 359 925 395 voluit
950 359 1119 396 Dobrens.
1134 359 1164 403 ¹)

288 416 441 452 Facilius
465 420 585 452 autem
610 430 664 452 me
689 417 831 462 quidem
864 417 977 451 iudice
1011 416 1250 451 additamento
1286 417 1428 462 Taylori

190 475 315 511 omisso
340 474 446 511 verba
469 475 602 511 tradita
626 477 811 511 mutantur
835 476 890 511 in:

288 531 396 567 ΠΕΡΙ
424 532 704 567 ΤΡΑΥΜΑΤΟΣ
736 532 800 567 ΕΚ
827 532 1076 574 ΠΡΟΝΟΙΑΣ,
1114 532 1223 567 ΠΕΡΙ
1256 532 1315 567 ΟΥ
1340 532 1426 567 ΚΑΙ

189 588 449 633 ΠΡΟΤΕΡΟΝ,
492 603 582 638 quae
607 591 651 626 ad
677 591 892 638 superiorem
926 591 1122 626 orationem
1147 590 1361 637 eandemque
1385 591 1428 625 de

190 649 384 684 ΤΡΑΥΜΑ
419 649 483 684 ΕΚ
519 649 755 685 ΠΡΟΝΟΙΑΣ
801 651 958 686 habitam
999 654 1082 696 apte
1121 654 1428 696 congruenterque

190 708 363 743 dicuntur.

703 785 806 823 Ibid.
832 786 857 833 s
884 785 917 822 7.

287 853 336 890 Οὔ
361 857 424 902 γὰρ
449 854 488 891 ἂν
513 855 570 902 (ἄν
584 857 619 891 in
637 856 754 891 codice
768 856 795 891 O
811 855 971 901 additur)
997 853 1099 896 οὕτως
1124 855 1283 904 ἤλθομεν,
1306 855 1428 903 ἀδήλου

189 914 280 954 ὄντος
305 913 333 949 εἰ
357 917 446 961 παρὰ
476 916 576 961 τοὺτῳ
602 912 778 963 εὸρήσομεν
808 914 966 962 ὄστρακον
991 914 1013 962 ἢ
1039 913 1141 955 οὕτως
1166 913 1263 950 αὐτὸν
1289 914 1428 950 ἀποκτε-

189 978 313 1020 νοῦμεν,
340 973 414 1008 ἀλλ’
438 973 572 1008 οἴκοθεν
596 973 726 1020 ἔχοντες
752 972 793 1008 ἂν
817 972 1013 1021 ἐβαδίζομεν.
1043 998 1047 1003 -

288 1031 365 1067 Hoc
390 1033 467 1067 loco
492 1032 624 1078 aliquid
651 1033 814 1067 omissum
840 1044 911 1067 esse
937 1033 1011 1067 iure
1037 1032 1216 1068 Scheibius
1241 1033 1425 1076 intellexit,

189 1103 268 1125 cum
309 1089 467 1137 ὄστρακον
506 1090 679 1125 obiectum
722 1091 900 1137 participii
940 1090 1070 1138 ἔχοντες
1110 1103 1181 1127 esse
1217 1104 1286 1126 non
1315 1092 1425 1138 possit

192 1151 338 1195 propter
365 1149 468 1184 verba
494 1148 516 1196 ἢ
542 1148 644 1188 οὕτως
670 1148 765 1184 αὐτὸν
782 1149 1026 1197 ἀποκτενοῦμεν.
1059 1150 1293 1191 Quamobrem
1307 1150 1426 1186 Schei-

190 1207 266 1241 bius
297 1209 360 1242 aut
394 1206 590 1254 ἐγχειρίδιον,
636 1220 727 1253 quae
761 1220 827 1242 vox
858 1208 894 1242 in
927 1208 947 1252 ξ
973 1209 996 1243 6
1023 1208 1121 1243 nobis
1163 1209 1324 1250 occurrit,
1365 1211 1428 1244 aut

189 1265 320 1313 σίδηρον
355 1268 416 1301 aut
452 1264 538 1301 ὅπλα
574 1266 738 1302 excidisse
775 1266 995 1302 existimavit.
1064 1266 1213 1302 Facilius
1249 1279 1329 1303 vero
1364 1279 1427 1303 nec

190 1326 306 1360 minus
331 1328 413 1371 apte
438 1325 631 1371 legeretur:
670 1325 743 1360 ἀλλ’
777 1325 910 1361 οἴκοθέν
943 1339 971 1360 τι
1001 1325 1129 1372 ἔχοντες
1160 1325 1200 1360 ἂν
1229 1325 1425 1374 ἐβαδίζομεν.

190 1383 403 1429 Couspirant
426 1387 546 1419 autem
572 1384 677 1419 verba
703 1385 901 1419 coniectura
928 1397 1004 1419 mea
1022 1385 1184 1419 restituta
1200 1384 1310 1427 adea,
1337 1397 1427 1431 quae

189 1442 227 1477 in
252 1442 272 1487 ἓ
299 1444 320 1478 6
346 1445 445 1477 sunt:
487 1445 629 1490 φαίνεται
663 1446 762 1478 τοίνυν
792 1441 859 1478 οὐδ’
893 1441 991 1483 αὐτὸς
1027 1441 1212 1491 αἰτιώμενος
1236 1446 1376 1479 τοιοῦτόν
1401 1456 1427 1478 τι

190 1500 326 1547 ἔχοντας
356 1500 441 1548 ἡμᾶς
467 1501 575 1536 ἐλθεῖν
600 1528 608 1536 .
636 1529 644 1536 .
672 1528 681 1536 .

636 1607 741 1643 orat.
767 1607 858 1644 vn.
893 1609 918 1654 ς
942 1608 978 1643 5.

289 1675 330 1711 In
366 1677 483 1711 codice
518 1676 681 1712 Palatino
717 1677 803 1712 haec
838 1681 921 1712 sunt
956 1678 1082 1712 verba:
1119 1676 1281 1725 Ἣγοῦμαι
1315 1680 1424 1719 τοίων,

188 1733 215 1769 ὦ
235 1736 347 1783 βωλή,
382 1734 460 1783 ἐμὸν
495 1735 587 1783 ἔργον
613 1735 778 1776 ἀποδεῖξαι
803 1735 859 1777 ὡς,
886 1735 995 1784 ἐπειδὴ
1021 1739 1057 1772 τὸ
1083 1739 1201 1784 χωρίον
1227 1736 1425 1785 ἐκτησάμην,

189 1792 254 1828 οὔτ’
278 1793 374 1829 ἐλαία
400 1793 472 1829 οὔτε
498 1798 601 1842 σηκὸς
627 1795 700 1843 ἐνῆν
726 1795 759 1831 ἐν
781 1794 877 1842 αὐτῷ·
904 1798 1021 1842 νομίζω
1047 1797 1109 1841 γὰρ
1130 1801 1186 1830 τοῦ
1203 1798 1260 1842 μὲν
1278 1798 1427 1842 προτέρω
1490 1837 1493 1839 ‚

188 1855 316 1899 χρόνω,
342 1851 410 1888 οὔδ’
434 1852 462 1887 εἰ
486 1855 588 1888 πάλαι
613 1853 731 1901 ἐνῆσαν
757 1856 876 1901 μορίαι,
903 1852 964 1889 οὒκ
990 1853 1029 1888 ἂν
1055 1854 1187 1893 δικαίως
1218 1855 1424 1901 ζημιοῦσθαι.

286 1911 465 1946 Scheibius
499 1925 610 1947 unum
644 1916 781 1948 secutus
815 1913 965 1948 codicem
993 1912 1023 1948 Ο
1055 1925 1119 1959 pro
1150 1916 1258 1960 μορίαι
1288 1913 1425 1959 scripsit

189 1972 304 2017 μυρίαι.
355 1970 526 2016 Equidem
552 1972 798 2006 auctoritatem
824 1972 949 2007 codicis
980 1972 1130 2006 Palatini
1162 1975 1425 2017 ceterorumque

188 2028 359 2065 librorum
384 2030 702 2076 manuscriptorum
728 2031 866 2077 neglegi
893 2030 1076 2073 noluerim,
1103 2042 1211 2077 quare
1238 2033 1346 2078 μορίαι
1370 2043 1425 2066 re·

188 2089 371 2125 tineudnm
407 2102 479 2126 esse
513 2102 643 2126 censeo.
706 2090 771 2125 Sed
808 2102 885 2125 cum
927 2091 996 2125 iam
1035 2090 1136 2125 initio
1172 2091 1426 2125 enuntiationis

188 2148 302 2183 verbis
326 2153 382 2183 τοῦ
408 2151 466 2197 μὲν
490 2152 642 2196 προτέρω
667 2152 786 2197 χρόνου
811 2152 949 2195 tempus
981 2151 1063 2195 apte
1098 2149 1292 2184 indicatum
1321 2149 1367 2185 sit
1391 2152 1426 2185 et

188 2207 294 2242 verba
319 2205 387 2257 οὔδ’
410 2205 438 2242 εἰ
462 2209 564 2243 πάλαι
588 2207 706 2256 ἐνῆσαν
731 2210 840 2256 μορίαι
865 2220 977 2254 neque
1011 2220 1144 2243 novum
1170 2221 1283 2254 neque
1308 2221 1425 2255 grave,

270 2304 293 2342 ¹)
314 2306 352 2336 cf.
374 2306 557 2337 Adversaria
578 2307 685 2337 critica
706 2306 729 2336 Ι.
749 2316 779 2345 p.
803 2307 866 2337 194.
1192 2346 1226 2376 1·
