1627 2765
780 195 830 234 20

183 317 384 361 monstrari,
420 329 529 364 quare
565 328 607 352 ex
638 313 696 352 οὖν
725 318 929 363 corruptam
959 315 1065 363 idque
1090 316 1327 363 recipiendum
1354 328 1426 353 esse

183 389 314 414 censeo.

627 481 735 519 Orat.
760 482 869 519 xlv.
905 483 930 530 fi
956 482 988 519 7.

280 552 491 600 Ἀστρατείας
516 555 573 598 μὲν
598 554 661 600 γὰρ
686 553 819 593 δικαίως
845 551 885 588 ἂν
910 551 1006 589 αὐτὸν
1032 551 1165 595 ἁλῶναι,
1192 554 1210 589 ὃ
1237 554 1425 598 καταλέγεις

182 612 201 648 ὁ
231 614 338 660 πατὴρ
368 611 429 648 οὒκ
459 611 621 660 ἐπεξῆλθε
651 613 727 660 μεθ’
750 610 840 661 ὑμῶν
865 613 1068 660 στρατοπέδῳ
1094 616 1193 661 μόνος
1218 611 1257 648 οὒ
1281 615 1425 660 παρέσχε

183 674 263 719 μετὰ
288 678 350 706 τῶν
374 671 485 706 ἄλλων
510 670 622 706 ἑαυτὸν
652 671 756 712 τάξαι,
792 672 912 711 δειλίας
942 673 989 712 δέ,
1020 671 1067 706 ὅτι
1098 672 1146 707 δεῖ
1175 671 1313 707 ἕκαστον
1343 674 1424 719 μετὰ

181 736 243 765 τῶν
268 731 404 765 πολιτῶν
429 730 612 765 κινδυνεὺειν
636 729 774 773 ἱππεῦειν
798 728 912 765 εἵλετο.

286 790 426 833 Menda,
453 802 543 836 qnae
569 790 605 825 in
633 790 746 825 verbis
771 790 789 825 ὃ
815 791 1003 834 καταλέγεις
1019 788 1037 825 ὁ
1054 792 1161 838 πατὴρ
1181 788 1243 826 οὐκ
1263 789 1424 838 ἐπεξῆλθε

181 850 286 885 huius
310 849 504 895 scripturae
528 849 655 884 codicis
670 848 824 884 Palatini
850 849 982 893 insunt,
1011 853 1051 885 ut
1077 851 1281 892 removeret,
1300 851 1425 885 auctor

182 908 309 944 codicis
334 908 361 943 C
387 908 471 944 haec
495 908 650 954 scripsit:
678 906 725 943 ὅτι
750 906 788 943 οὔ
814 909 984 956 κατελέγη,
1010 908 1209 949 λειποταξίου
1225 909 1270 950 δέ,
1297 908 1343 944 ὅτι
1363 906 1424 944 οὒκ

182 967 354 1015 ἐπεξῆλθε.
406 966 489 1002 Jam
514 966 715 1012 Stephanus
740 968 815 1002 iure
845 968 882 1002 in
918 968 983 1002 hac
1009 968 1253 1004 emendatione
1278 968 1425 1003 offendit

182 1028 290 1072 atque
329 1025 514 1071 legendum
556 1037 627 1060 oese
668 1026 829 1062 coniecit:
875 1025 921 1061 ὅτι
960 1027 1150 1071 καταλεγεὶς
1190 1025 1323 1074 ὁπλίτης
1363 1024 1424 1061 οὒκ

182 1084 353 1132 ἐπεξῆλθε.
397 1084 511 1125 Quam
526 1084 806 1119 emendationem
828 1086 873 1120 ab
890 1085 1066 1131 Emperio,
1087 1086 1148 1132 qui
1169 1084 1216 1120 ὅτι
1235 1087 1424 1129 καταλεγεὶς

182 1141 221 1178 οὒ
246 1149 363 1190 παρῆν,
389 1142 588 1181 λειποταξίου
614 1143 659 1184 δὲ,
687 1142 734 1177 ὅτι
749 1141 810 1178 οὐκ
835 1142 997 1191 ἐπεξῆλθε
1023 1146 1255 1190 proposuerat
1279 1146 1383 1190 atque
1403 1156 1424 1178 a

182 1203 341 1251 Kaysero
368 1202 435 1238 hac
459 1202 496 1237 in
523 1204 625 1249 parte
650 1203 909 1239 enuntiationis
934 1202 1036 1239 illum
1065 1206 1194 1246 secuto,
1226 1202 1424 1250 neglectam

184 1263 357 1309 Bergkius
383 1264 418 1297 et
434 1261 614 1297 Scheibius
639 1263 967 1308 comprobaverunt.
1020 1262 1099 1309 Ego
1126 1274 1266 1309 quoque
1292 1264 1425 1298 rectam

182 1333 258 1358 eam
301 1323 400 1368 puto,
443 1333 523 1356 cum
558 1321 595 1356 iu
631 1333 681 1358 or.
713 1320 774 1358 IX.
806 1322 828 1365 ξ
854 1322 878 1356 4
918 1321 1046 1356 similia
1086 1320 1186 1357 nobis
1221 1322 1422 1357 occurrant:

181 1380 399 1429 Ἀφικόμενος
424 1383 610 1426 προπέρυσιν
635 1379 680 1420 εἰς
705 1382 763 1427 τὴν
782 1382 884 1421 πόλιν,
910 1379 1002 1415 οὔπω
1027 1382 1084 1415 δυο
1101 1388 1207 1429 μῆνας
1228 1381 1424 1428 ἐπιδεδημη-

182 1443 250 1479 κὼς
268 1440 445 1485 κατελέγην
460 1441 663 1485 στρατιώτης.
693 1439 761 1473 Pro
778 1438 940 1486 ἐπεξῆλθε
956 1439 1118 1474 Reiskius
1132 1440 1271 1487 scripsit
1291 1438 1423 1486 ἐξῆλθε,

182 1511 288 1545 quam
327 1497 608 1534 emendationem
650 1487 828 1545 Kaysbrus
874 1497 1122 1545 Scheibiusqne
1173 1498 1423 1545 probaverunt.

183 1557 318 1592 Deinde
353 1557 525 1602 Taylorus
562 1557 667 1592 verba
702 1558 905 1603 στρατοπέδῳ
936 1560 1036 1604 μόνος
1071 1570 1149 1592 mea
1178 1557 1319 1603 quidem
1344 1569 1423 1591 sen-

182 1617 294 1651 tentia
316 1618 409 1651 recte
429 1616 578 1651 mutavit
598 1616 634 1650 in
658 1616 995 1663 στρατοπεδευόμενος.
1032 1616 1120 1651 Tum
1139 1628 1203 1662 pro
1224 1616 1270 1650 δεῖ
1288 1614 1424 1650 ἕκαστον

182 1675 349 1710 Schottns
375 1677 410 1709 et
436 1674 621 1720 Emperins
647 1675 710 1709 δεῖν
741 1672 838 1710 αὐτόν
867 1675 1090 1720 scripserunt,
1127 1678 1163 1710 et
1193 1687 1258 1721 pro
1288 1675 1424 1709 πολιτῶν

182 1733 384 1779 Stephanus
423 1731 560 1767 ὁπλιτῶν
593 1733 742 1779 scripsit.
795 1732 974 1768 Scheibius
994 1735 1112 1769 autem
1135 1737 1320 1779 utramque
1340 1745 1424 1768 con-

181 1793 352 1827 iecturam
382 1792 523 1838 recepit.
581 1791 755 1837 Equidem
786 1793 808 1835 §
842 1792 882 1827 9:
920 1791 994 1827 ἀλλ’
1023 1791 1191 1840 ἐβουλήθη
1223 1794 1281 1827 καὶ
1311 1791 1424 1839 ἄτιμος

181 1851 259 1887 εἶναι
284 1853 342 1886 καὶ
366 1854 406 1885 τά
431 1850 574 1898 χρήματ’
598 1849 697 1886 αὐτοῦ
723 1852 925 1899 δημευθῆναι
949 1854 1007 1886 καὶ
1026 1854 1146 1892 πάσαις
1170 1858 1241 1892 ταῖς
1266 1854 1424 1899 κειμέναις

182 1914 311 1959 ζημίαις
341 1909 459 1958 ἔνοχος
490 1911 640 1954 γενέσθαι
676 1911 803 1958 μᾶλλον
834 1909 856 1957 ἢ
887 1912 968 1957 μετὰ
997 1917 1059 1946 τῶν
1087 1911 1224 1946 πολιτῶν
1258 1909 1336 1945 εἶναι
1366 1911 1425 1944 καὶ

181 1968 316 2016 ὁπλίτης
352 1970 502 2013 γενέσθαι
537 1981 618 2004 cum
654 1970 775 2004 nostro
818 1969 899 2004 loco
931 1969 1114 2005 conferens
1148 1969 1254 2004 verba
1288 1967 1425 2004 ἕκαστον

181 2033 287 2075 atque
313 2029 450 2063 πολιτῶν
474 2028 658 2064 retinenda
683 2040 755 2063 esse
780 2028 950 2064 existimo.
1001 2027 1071 2063 Pro
1082 2026 1126 2074 οὗ
1152 2030 1308 2075 παρέσχε,
1334 2039 1424 2073 quae

180 2088 285 2123 verba
311 2087 396 2122 ferri
421 2099 494 2122 non
520 2089 676 2133 pooennt,
709 2086 885 2133 Kayserus
915 2087 1019 2122 scribi
1052 2088 1130 2123 vult
1161 2085 1235 2122 οὐδὲ
1266 2089 1421 2133 παρέσχε.

181 2146 364 2192 Equidem,
390 2147 432 2181 ut
457 2146 574 2181 omnia
599 2148 692 2181 recte
709 2145 910 2192 procedant,
938 2158 1003 2192 pro
1029 2143 1091 2181 οὐκ
1115 2144 1238 2193 ἐξῆλθε
1263 2156 1423 2192 propono

180 2204 246 2241 οὔτ’
270 2204 403 2253 ἐξῆλθε,
439 2217 504 2252 pro
544 2203 583 2240 οὐ
613 2208 774 2252 παρέσχες
817 2202 890 2240 οὔτε
925 2209 1080 2252 παρέσχε.
1147 2204 1276 2240 Totum
1313 2204 1424 2251 igitur

180 2265 296 2300 locum
322 2265 370 2299 sic
396 2264 651 2299 restituendum
679 2276 750 2299 esse
766 2264 899 2299 iudico:
927 2263 1116 2311 ἀστρατείας
1136 2265 1194 2311 μὲν
1214 2265 1277 2310 γὰρ
1291 2263 1424 2301 δικαίως

180 2324 220 2362 ἂν
255 2322 350 2361 αὐτὸν
387 2323 520 2368 ἁλῶναι,
547 2323 593 2361 ὅτι
618 2325 808 2371 καταλεγεὶς
834 2322 968 2373 ὁπλίτης
993 2321 1060 2360 οὔτ’
1078 2322 1200 2373 ἐξῆλθε
1234 2321 1310 2373 μεθ’
1334 2320 1424 2372 ὑμῶν
