1627 2765
796 192 841 229 18

194 308 406 345 invenerunt
431 308 524 355 aqud
550 308 801 356 Thucydidem,
828 310 890 357 qui
915 322 1081 357 persaepe
1105 309 1250 347 nomina
1273 309 1436 350 substan-

194 370 269 404 tiva
294 381 374 404 cum
398 370 564 413 γίγνεσθαι
589 369 785 416 coniungit,
812 370 872 405 ubi
890 370 1001 406 verbis
1016 371 1069 406 uti
1085 372 1236 416 poterat,
1263 370 1308 407 cf.
1326 370 1436 407 Thuc.

194 427 258 461 III.
286 428 344 463 23.
371 427 395 462 3
420 429 456 462 et
480 427 575 473 quod
601 430 780 463 annotant
804 428 1022 475 interpretes,

550 571 554 575 -
628 553 737 591 Orat.
762 553 860 591 XII.
895 555 921 600 5
945 554 1006 591 63.

293 633 410 670 Καίτοι
434 634 548 683 σφόδρ’
573 633 613 671 ἂν
638 633 734 671 αὒτὸν
759 634 848 684 οἶμαι
864 637 944 683 μετὰ
960 634 1211 684 Θεμιστοκλέους
1230 637 1435 683 πολιτευόμε-

193 706 247 729 νον
271 695 519 740 προσποιεῖσθαι
544 696 687 741 πράττειν
712 693 801 735 ὅπως
827 693 1128 742 οἰκοδομηθήσεται
1151 697 1192 730 τὰ
1210 698 1315 743 τείχη,
1340 693 1461 731 ὁπότε

193 755 251 787 ’καὶ
277 754 357 800 μετὰ
383 751 594 801 Θηραμένους
620 752 710 793 ὅπως
735 754 1023 802 καθαιρεθήσεται.
1050 751 1090 789 οὔ
1114 755 1177 802 γάρ
1207 766 1263 802 μοι
1287 754 1437 799 δοκοῦσιν

189 811 263 847 ἴσου
289 811 371 851 ἄξιοι
395 813 599 859 γεγενῆσθαι·
635 811 654 847 ὁ
679 815 738 860 μὲν
772 815 835 859 γὰρ
866 811 1133 861 Λακεδαιμονίων
1169 813 1312 849 ἀκόντων
1347 812 1436 860 ᾤκο-

193 870 335 917 δόμησεν
360 868 453 912 αὐτά,
480 868 576 911 οὗτος
601 871 636 905 δὲ
660 872 735 911 τοὺς
760 872 895 911 πολίτας
919 870 1129 919 ἐξαπατήσας
1154 873 1300 908 καθεῖλε.

294 929 381 964 Jure
406 942 484 965 mea
510 930 651 975 quidem
677 931 854 966 sententia
880 930 1089 976 Kayseruffl)
1124 931 1161 967 in
1192 931 1359 966 lectione:
1397 929 1436 965 οὐ

194 991 256 1035 γάρ
282 1001 337 1035 μοι
368 989 517 1024 δοκοῦσιν
539 988 612 1024 ἴσου
636 988 720 1028 ἄξιοι
744 990 937 1036 γεγενῆσθαι
961 989 1119 1032 offendit,
1146 1001 1224 1025 cum
1248 989 1436 1036 negatione

194 1050 332 1083 retenta
357 1048 533 1094 particula
558 1049 623 1096 γὰρ
646 1048 773 1084 iustam
802 1060 873 1087 non
899 1048 1066 1084 admittat
1090 1048 1432 1095 interpretationem.

194 1108 329 1143 Deinde
347 1107 525 1153 Kayserus
544 1110 637 1143 recte
659 1108 844 1151 intellexit,
861 1109 1010 1144 ironiam
1031 1110 1108 1144 tum
1130 1108 1270 1145 demum
1289 1108 1434 1149 elucere,

193 1167 222 1201 si
247 1166 500 1202 Theramenem
528 1169 563 1202 et
588 1166 856 1203 Themistoclem
883 1167 982 1214 paris
1004 1167 1192 1214 participes
1217 1178 1289 1203 esse
1314 1166 1435 1203 condi-

193 1226 305 1260 cionis
331 1228 504 1260 narretur.
542 1225 618 1260 Hoc
634 1226 728 1260 enim
745 1226 818 1271 ipse
833 1226 1068 1262 Theramenes
1093 1226 1188 1272 apud
1205 1225 1434 1262 Plutarchum

194 1283 289 1330 (Lys.
320 1283 380 1329 14)
406 1284 492 1331 agit,
520 1284 578 1319 ubi
596 1283 648 1319 ἐπὶ
663 1287 805 1332 σωτηρία
824 1291 887 1320 τῶν
905 1286 1043 1320 πολιτῶν
1062 1297 1179 1321 muros
1198 1297 1269 1321 sese
1290 1285 1436 1320 diruisse

192 1343 346 1386 simulat,
384 1355 472 1390 quos
507 1344 627 1379 eadem
670 1344 713 1379 de
755 1357 858 1380 causa
892 1344 1145 1380 Themistocles
1180 1347 1433 1380 construxerat.

195 1403 315 1450 Pergit
335 1406 453 1439 autem
470 1404 663 1449 Kayserus:
694 1404 836 1450 »Lysias
857 1403 1087 1439 kommentirt
1107 1403 1162 1440 die
1184 1403 1435 1439 Aehnlichkeit

194 1475 261 1497 nur
287 1463 324 1498 in
350 1462 612 1498 verschiedener
638 1456 851 1509 Beziehuug,
879 1474 981 1498 weun
1007 1474 1045 1498 er
1070 1462 1168 1498 beide
1193 1462 1245 1497 als
1261 1461 1434 1508 Betriiger

195 1521 367 1564 hinstellt,
408 1522 474 1557 mit
515 1521 593 1557 dem
631 1521 921 1558 unbedeutenden
953 1521 1219 1565 Untemchiede,
1256 1521 1334 1557 dass
1374 1520 1436 1557 der

195 1582 272 1617 eine
298 1581 354 1616 die
379 1580 663 1624 Lazediimonier,
701 1581 762 1617 der
797 1580 927 1617 andere
962 1581 1018 1616 die
1052 1581 1199 1628 eigenen
1226 1580 1435 1616 Landslente

193 1641 390 1677 muschus«

294 1699 330 1735 Si
356 1700 450 1735 enim
481 1699 602 1745 Lysias
638 1700 702 1735 hos
737 1700 832 1735 viros
857 1699 1074 1746 permultum
1108 1699 1201 1735 inter
1234 1710 1270 1734 se
1306 1698 1435 1734 distare

194 1759 306 1796 dicere
332 1759 508 1802 voluisset,
538 1759 744 1806 simpliciter
778 1760 968 1796 narrasset:
1011 1756 1029 1794 ὁ
1055 1760 1112 1807 μὲν
1136 1759 1199 1806 γὰρ
1224 1757 1436 1806 ᾠκοδόμησεν

194 1817 286 1860 αὐτά,
314 1816 409 1858 οὖτος
434 1819 469 1853 δὲ
494 1819 640 1854 καθεῖλε.
692 1818 789 1860 Quae
815 1818 966 1854 addidit:
1000 1817 1268 1866 Λακεδαιμονίων
1293 1816 1435 1853 ἀκόντων

193 1882 301 1924 atque
325 1878 401 1918 τοὺς
425 1878 560 1917 πολίτας
590 1877 799 1924 ἐξαπατήσας
825 1877 1077 1920 demonstrant,
1113 1876 1265 1922 Lysiam,
1301 1888 1372 1922 qna
1397 1876 1433 1911 in

194 1950 230 1972 re
256 1937 314 1971 isti
339 1937 405 1972 viri
435 1937 565 1971 similes
590 1937 733 1980 fuerint,
766 1936 925 1983 quamvis
950 1936 1092 1979 ironice,
1119 1948 1293 1972 enarrare.
1337 1935 1434 1982 Kay-

192 2008 288 2032 serus
328 1996 448 2043 igitur,
486 1995 718 2042 probantibus
753 1995 914 2032 Scheibio
950 1997 986 2033 et
1021 1995 1179 2043 Sauppio
1212 1994 1434 2032 scribendum

193 2068 265 2092 esse
300 2058 432 2092 censet:
468 2057 527 2091 ml
562 2058 625 2103 γάρ
655 2068 709 2104 μοι
739 2056 889 2091 δοκοῦσιν
916 2054 990 2091 ἴσου
1019 2054 1102 2096 ἄξιοι
1130 2055 1333 2105 γεγενῆσθαι.
1386 2053 1435 2090 At

193 2117 330 2152 facilius
356 2118 463 2162 atque
489 2116 616 2152 fortius
641 2116 744 2160 idem,
771 2116 867 2163 quod
892 2116 953 2151 ille
969 2116 1023 2153 vir
1047 2115 1171 2154 doctus
1196 2115 1318 2159 voluit,
1345 2114 1434 2150 effici

193 2178 319 2222 potest,
337 2176 366 2211 si
381 2165 579 2211 scribimus:
606 2173 692 2211 οὗτοι
712 2178 775 2222 γάρ
795 2187 850 2224 μοι
872 2175 1020 2211 δοκοῦσιν
1036 2174 1108 2211 ἴσα)
1128 2173 1210 2214 ἄξιοι
1230 2175 1432 2221 γεγενῆσθαι.

276 2334 300 2372 ¹)
320 2335 400 2365 Ami.
422 2335 561 2365 Heidelb.
586 2334 661 2365 1854
682 2344 711 2373 p.
732 2334 799 2365 224.
