1627 2765
792 194 814 233 8

177 312 270 360 quod
298 313 526 357 desideratur,
554 315 705 349 afferant
732 318 961 357 momentum,
993 315 1095 349 πάλαι
1124 316 1327 360 corruptam
1353 325 1424 349 esse

177 373 361 408 lectionem
388 373 563 408 contendo
580 385 692 419 neque
710 373 818 416 video,
836 385 907 419 quo
923 373 994 407 alio
1013 373 1117 408 modo
1133 364 1261 419 Lysiae*
1273 373 1424 419 scriptu-

178 445 255 467 ram
280 432 508 467 restituamus
533 432 598 467 nisi
635 433 807 479 legentes:
849 434 968 479 νομίζω
1002 433 1067 478 γὰρ
1100 437 1156 467 τοῦ
1182 435 1239 479 μὲν
1272 434 1425 480 προτέρου

176 495 304 539 χρόνω,
332 490 399 527 οὐδ’
422 491 450 526 εἰ
474 493 596 526 πολλαὶ
622 491 739 538 ἐνῆσαν
765 494 883 538 μορίαι,
911 489 972 525 οὒκ
998 490 1038 526 ἂν
1062 491 1195 531 δικαίως
1217 492 1423 539 ζημιοῦσθαι.

177 549 282 585 Nunc
307 551 401 585 enim
426 551 567 597 singula
593 550 699 585 verba
725 551 858 595 optime
895 550 989 584 inter
1018 562 1054 585 se
1085 551 1304 595 respondent.
1357 550 1425 584 Ac·

177 609 268 644 cedit
303 609 398 655 quod
434 609 555 645 eodem
592 609 697 644 modo
732 609 769 644 in
796 609 816 654 ξ
843 610 891 644 24
917 609 1060 644 dicitur:
1099 608 1274 644 ἐπίστασθε
1305 611 1368 655 γὰρ
1393 608 1426 644 ἐν

176 675 221 713 τῷ
247 669 345 713 πεδίῳ
370 669 498 707 πολλὰς
524 671 641 715 μορίας
667 666 770 706 οἷ’)σας
797 694 804 701 .
833 694 840 701 .
870 694 877 701 .

684 784 787 821 Ima.
813 786 839 831 s
865 784 921 823 14.

281 853 325 896 Is,
341 853 397 887 cui
410 852 530 900 Lysias
548 853 638 888 hanc
653 854 792 899 scripsit
807 854 1014 897 orationem,
1029 854 1095 888 hoc
1111 854 1186 889 loco
1198 854 1424 896 demonstrat,

180 912 411 959 improbabile
438 924 519 955 esse,
546 925 583 947 se
598 913 808 948 commisisse
824 914 969 956 facium,
996 913 1090 959 quod
1110 926 1223 959 neque
1239 914 1426 959 profuisset

182 972 247 1005 sibi
274 983 388 1016 neque
419 972 563 1015 impune
595 972 718 1005 confici
755 972 935 1016 potuisset.
988 972 1167 1006 Exhibent
1196 974 1315 1006 autem
1346 971 1425 1005 libri

179 1029 411 1075 manuscripti
447 1029 548 1064 haec:
591 1027 696 1070 Οὗτος
722 1032 826 1078 μέντοι
852 1028 913 1065 οὐκ
939 1029 978 1066 ἂν
1003 1029 1076 1079 ἔχοι
1101 1029 1278 1071 ἀποδεῖξαι,
1304 1028 1426 1070 οὔθ’ὡς

179 1087 241 1124 ὑπὸ
278 1092 387 1128 πενίας
427 1087 646 1136 ἠναγκάσθην
684 1091 837 1129 τοιοῦτοις
878 1089 982 1136 ἔργοις
1017 1089 1192 1137 ἐπιχειρεῖν,
1235 1088 1355 1129 οὔθ’ὡς
1390 1092 1425 1123 τὸ

161 1151 304 1195 ’χωρίον
343 1160 398 1195 μοι
441 1148 661 1195 διαφθείρεται
696 1153 752 1182 τοῦ
793 1153 898 1195 σηκοῦ
939 1148 1040 1189 ὄντος,
1086 1147 1161 1183 οὔθ’
1195 1148 1240 1188 ὥς
1271 1148 1426 1196 ἀμπέλοις

180 1207 331 1256 ἐμποδὼν
356 1206 407 1254 ἦν,
434 1205 556 1247 οὔθ’ὡς
582 1205 689 1247 οἰκίας
720 1206 826 1252 ἐγγὺς,
865 1206 986 1248 οὔθ’ὡς
1021 1207 1086 1252 ἐγώ
1112 1207 1242 1255 ἄπειρος
1266 1214 1328 1243 τῶν
1353 1207 1428 1255 παρ’

182 1265 255 1314 ὑμῖν
271 1267 431 1307 κινδὺνων,
454 1265 485 1300 εἴ
497 1279 524 1300 τι
538 1267 656 1301 τοὺτων
677 1266 839 1313 ἔπραττον.
863 1268 990 1307 πολλὰς
1007 1266 1046 1302 ἂν
1062 1270 1120 1302 καὶ
1140 1268 1286 1315 μεγάλας
1302 1267 1428 1314 ἐμαυτῷ

182 1329 302 1373 ζημίας
328 1329 501 1371 γενομένας
527 1325 737 1373 ἀποφήναιμι.

290 1384 606 1419 Rauchensteinius
645 1384 833 1420 Hertleiuii
879 1385 1114 1420 coniecturam
1155 1384 1186 1418 εἴ
1222 1397 1249 1419 τι
1288 1389 1428 1419 τοιοῦτον

185 1443 339 1491 ἔπραττον
363 1444 439 1479 iure
465 1444 706 1490 comprobasse
733 1444 819 1479 mihi
836 1444 984 1488 videtur,
1011 1457 1088 1480 cum
1117 1444 1202 1479 haec
1227 1445 1358 1480 usitata
1383 1445 1428 1479 sit

185 1504 323 1539 dicendi
349 1504 452 1538 ratio.

283 1562 419 1597 Deinde
445 1562 513 1597 hoc
538 1563 615 1597 loco
647 1562 779 1608 aliquid
816 1562 940 1606 deesse,
977 1562 1070 1609 quod
1103 1562 1206 1598 verba
1236 1563 1363 1602 πολλὰς
1389 1561 1429 1597 ἄν

185 1626 220 1659 et
246 1636 335 1671 quae
360 1626 557 1668 sequuntur
582 1635 660 1658 cum
677 1623 962 1658 antecedentibus
978 1623 1180 1669 coniungat,
1209 1623 1427 1669 perspicuum

183 1685 246 1725 est,
273 1695 382 1727 quare
408 1682 502 1716 varie
529 1682 594 1716 viri
621 1682 713 1716 docti
740 1682 832 1716 hune
858 1683 972 1717 locum
1009 1684 1239 1727 temptarunt,
1276 1683 1317 1715 ut
1351 1693 1428 1715 cor-

186 1742 347 1788 ruptelae
372 1741 580 1776 medicinam
607 1740 824 1778 adhiberent.

292 1801 519 1835 Coniecturas
545 1803 673 1842 autem,
705 1813 795 1845 quae
826 1801 912 1834 mihi
943 1803 1180 1842 occurrerunt,
1212 1812 1331 1834 omues
1356 1800 1429 1834 fere

189 1861 260 1896 iam
287 1859 331 1895 ob
357 1872 432 1895 eam
460 1872 533 1895 rem
567 1872 634 1895 nou
670 1872 741 1895 esse
778 1859 976 1907 probandas
1012 1862 1111 1907 puto,
1147 1859 1241 1906 quod
1271 1858 1428 1897 codicum

186 1921 372 1955 lectionem
390 1920 494 1955 nimis
516 1922 756 1956 contemnunt.
794 1920 922 1955 Scribit
947 1920 1039 1954 enim
1056 1919 1276 1955 Hamakerus
1284 1920 1311 1964 ¹)
1328 1919 1427 1953 haec:

284 1978 349 2023 ἐγὼ
384 1979 419 2013 δὲ
456 1976 634 2013 τοῦναντίον
664 1979 792 2018 πολλὰς
828 1977 867 2013 ἂν
896 1980 954 2013 καὶ
984 1980 1131 2026 μεγάλας
1157 1978 1286 2026 ἐμαυτῷ
1309 1980 1428 2025 ζημίας

186 2042 360 2086 γενομένας
387 2038 585 2086 ἀποφήναιμ’
609 2038 657 2073 ἄν.

289 2098 406 2133 Verba
440 2101 557 2133 autem
592 2096 656 2142 ἐγὼ
692 2099 726 2132 δὲ
761 2095 940 2132 τούναντίον
975 2099 1119 2143 propter
1152 2096 1427 2137 similitudinem,

184 2170 291 2203 quam
318 2157 411 2191 inter
446 2157 578 2192 exitum
611 2157 797 2192 verborum
832 2154 1010 2191 τούναντίον
1040 2158 1076 2191 et
1106 2155 1259 2201 ἔπραττον
1293 2158 1429 2190 exstare

268 2286 291 2323 ¹)
312 2286 350 2316 cf.
383 2286 583 2322 Quaestiones
618 2287 655 2315 ‹le
686 2284 842 2315 nonnullis
879 2285 988 2322 Lysiae
1023 2285 1221 2315 emtionibus.
1274 2284 1429 2323 Lugduni-

185 2337 375 2366 Batavorum
398 2335 483 2364 1843.
524 2344 594 2373 pag.
619 2335 664 2365 13.
