1627 2765
819 213 843 250 9

210 333 315 377 putat
340 325 503 374 Batavus,
529 343 550 366 a
574 330 726 366 librariis
750 332 909 378 neglecta
934 343 1006 367 esse
1031 333 1157 367 censet.
1206 331 1283 373 Qua
1308 331 1445 366 ratione

210 391 268 426 vix
297 390 461 437 cuiquam
490 390 670 436 persuasit.
722 390 897 437 Kayserus
930 393 1049 427 autem
1079 390 1149 437 legi
1184 391 1277 426 vult:
1320 389 1385 435 ἐγὼ
1410 390 1445 425 δὲ

209 451 335 490 πολλὰς
360 448 411 491 ἂν,
428 476 436 485 .
449 476 457 484 .
471 475 492 491 .,
509 462 615 496 quam
635 449 913 486 emendationem
930 450 1245 486 Rauchensteinius
1262 450 1444 496 amplexus

209 512 270 546 est.
320 509 471 545 Facilior
486 509 641 555 Emperii
665 510 717 545 est
742 509 955 545 coniectura:
982 510 1110 549 πολλὰς
1134 507 1224 544 δ’ἂν.
1251 535 1260 544 .
1288 535 1296 544 .
1335 508 1384 544 At
1407 508 1445 543 in

209 570 358 614 utraque
384 569 449 604 loci
474 568 620 604 sanandi
636 568 773 604 ratione
789 568 964 614 particula
990 568 1025 603 δέ
1050 567 1139 603 mihi
1164 567 1336 614 displicet,
1362 580 1441 604 cum

207 640 346 664 sensum
371 627 627 663 adversativum
658 640 728 663 non
764 629 887 673 aptum
916 627 1120 665 existimem.
1172 627 1325 663 Probare
1350 626 1445 663 enim

208 686 294 721 mihi
330 686 468 721 videtur
499 698 576 721 reus
611 686 715 720 illud:
752 684 873 725 οὔθ’ὥς
908 685 972 729 ἐγὼ
1007 685 1137 731 ἄπειρος
1170 691 1233 720 τῶν
1265 684 1341 730 παρ’
1372 683 1445 731 ὑμῖν

207 745 366 787 κινδύνων,
391 743 423 780 εἴ
441 757 468 780 τι
492 749 631 780 τοιοῦτον
646 743 807 792 ἔπραττον.
844 743 958 792 Magis
976 744 1087 792 igitur
1104 757 1159 781 me
1174 743 1315 791 quidem
1330 743 1443 780 iudice

208 804 249 840 ad
276 817 414 839 sensum
448 804 637 849 quadraret
672 805 845 849 particula
878 807 951 850 γάρ,
987 816 1092 849 quam
1128 804 1198 838 iam
1239 803 1438 847 Reiskius1)

208 862 371 898 excidisse
395 862 588 908 suspicatus
614 865 675 898 est.
725 862 792 898 Sed
817 874 861 897 ne
887 862 991 897 huius
1016 861 1158 908 quidem
1187 861 1440 897 emendationis

208 924 336 957 natura
362 934 403 957 ex
425 921 595 957 librorum
620 921 820 957 condicione
836 922 1067 968 cognoscitur.
1102 920 1316 966 Scheibius')
1330 921 1441 968 igitur

207 984 290 1016 ante
314 981 441 1019 πολλάς
466 980 687 1014 inserendum
712 992 783 1014 esse
808 979 853 1014 ὧν
877 980 1035 1015 coniecit.
1065 980 1178 1021 Quam
1204 980 1442 1015 coniecturam

207 1039 384 1087 Kayscrus
409 1040 501 1074 recte
527 1037 581 1073 his
606 1037 718 1074 verbis
749 1038 917 1075 refutasse
951 1037 1041 1074 mihi
1074 1037 1228 1075 videtur:
1279 1037 1346 1074 Die
1371 1050 1442 1074 von

207 1098 350 1135 Scheibe
380 1098 586 1144 proponirte
621 1098 836 1145 Erganzung
871 1096 916 1133 ὧν
951 1110 1015 1133 vor
1049 1098 1176 1138 πολλὰς
1211 1097 1251 1133 ἄν
1275 1098 1322 1133 ist
1346 1110 1441 1133 zwar

206 1158 261 1193 die
291 1157 469 1193 leichteste
494 1157 577 1192 aber
612 1157 711 1192 nicht
746 1157 801 1192 dic
840 1157 1034 1204 richtigste‚
1070 1157 1114 1192 da
1149 1156 1210 1193 der
1243 1156 1438 1204 Gegensatz

206 1230 273 1253 von
305 1216 438 1264 Klager
471 1216 542 1252 und
581 1216 827 1263 Angeklagten
863 1216 938 1252 hier
972 1216 1217 1253 ausdriicklich
1251 1216 1439 1264 hervorge-

205 1276 320 1312 hohen
347 1275 483 1311 werden
509 1288 612 1312 muss.
661 1275 763 1318 Quod
788 1288 867 1311 cum
883 1275 1096 1321 Scheibius³)
1121 1275 1186 1311 sibi
1202 1276 1437 1323 persuasisset,

206 1336 311 1370 etiam
338 1347 530 1381 pronomen
557 1333 653 1374 αὐτός
690 1335 780 1370 adici
815 1347 907 1381 pone
942 1336 1068 1375 πολλὰς
1094 1334 1134 1370 ἄν
1158 1336 1281 1378 voluit,
1318 1338 1359 1371 nt
1383 1336 1441 1371 hic
1473 1325 1477 1328 ι

200 1394 383 1446 'exsisteret
397 1405 530 1429 sensus:
566 1393 645 1428 »ille
661 1405 733 1429 non
750 1393 853 1429 facile
868 1393 976 1440 possit
991 1393 1229 1429 demonstrare
1247 1406 1302 1429 me
1318 1406 1440 1430 eorum

206 1453 439 1500 periculorum
465 1453 569 1489 fuisse
595 1453 769 1501 ignarum,
805 1466 895 1500 quae
921 1467 942 1489 a
967 1453 1066 1489 vobis
1092 1454 1179 1490 mihi
1204 1454 1439 1498 imminerent,

205 1515 232 1548 si
259 1514 330 1548 tale
356 1513 491 1548 facinus
516 1525 618 1548 ausus
644 1525 761 1556 essem,
789 1525 831 1548 ex
857 1525 927 1559 quo
953 1513 1026 1558 ipse
1041 1513 1279 1548 demonstrare
1305 1525 1440 1559 pooeem

205 1573 317 1608 multa
342 1575 377 1608 et
402 1584 532 1619 magna
556 1572 593 1607 in
620 1584 675 1608 me
700 1571 939 1608 redundatura
958 1571 1203 1609 detrimenta«.

304 1632 369 1668 Sed
397 1633 467 1668 iam
490 1633 607 1668 minus
632 1632 744 1668 facilis
770 1632 864 1667 facta
900 1629 952 1667 est
987 1632 1185 1668 emendatio
1221 1632 1438 1668 Scheibiaua.

206 1692 338 1733 Restat,
365 1694 405 1726 ut
432 1690 665 1736 Frohbergeri
701 1690 880 1736 proferam
914 1691 1167 1726 coniecturam:
1210 1717 1218 1725 .
1247 1717 1255 1725 .
1283 1717 1291 1725 .
1319 1689 1440 1731 063³&

205 1749 269 1795 ἐγὼ
294 1749 424 1796 ἄπειρος
449 1756 510 1784 τῶν
534 1748 610 1795 παρ’
639 1747 711 1797 ὑμῖν
741 1750 900 1785 κινδῦνων·
926 1749 979 1785 εἶτ’
1002 1749 1034 1785 εἴ
1054 1763 1081 1785 τι
1109 1755 1250 1786 τοιοῦτον
1275 1749 1438 1797 ἔπραττον,

204 1811 331 1848 πολλὰς
357 1808 396 1843 ἂν
430 1811 488 1843 ’καὶ
522 1810 668 1855 μεγάλας
703 1808 832 1855 ἐμαυτῷ
867 1812 986 1855 ζημίας
1021 1812 1193 1855 γενομένας
1228 1809 1438 1856 ἀποφήναιμι,

204 1868 301 1904 euius
325 1879 443 1903 sensus
469 1867 583 1903 minus
609 1866 799 1914 probabilis
825 1867 911 1903 mihi
937 1867 1086 1912 videtur,
1113 1880 1193 1904 cum
1218 1867 1307 1903 nihil
1338 1869 1438 1904 ante-

204 1929 313 1971 cedat,
340 1941 410 1973 quo
427 1927 601 1973 particula
625 1927 692 1962 εἷτα
717 1927 894 1964 fulciatur.
945 1928 1079 1963 Deinde
1103 1928 1187 1963 satis
1202 1929 1363 1963 accurate
1378 1940 1437 1963 ex-

205 1988 335 2034 plicata
360 1986 522 2030 arbitror,
550 1999 639 2033 quae
655 1986 830 2033 Kayserus
856 1986 898 2022 de
924 1986 1145 2033 oppositione
1170 1986 1263 2022 inter
1288 1999 1387 2022 reum
1403 1989 1439 2022 et

204 2049 437 2082 accusatorem
474 2046 519 2081 ab
555 2048 692 2081 oratore
725 2046 888 2082 instituta
924 2045 1094 2081 diffleruit.
1156 2046 1252 2088 Quae
1282 2059 1362 2082 cum
1387 2047 1439 2082 ita

203 2106 283 2148 sint,
309 2106 412 2141 scribi
438 2106 535 2140 volo:
557 2132 564 2139 .
594 2132 602 2140 .
631 2133 639 2140 .
666 2103 741 2140 οὔθ’
765 2105 811 2145 ὡς
836 2104 901 2149 ἐγὼ
926 2104 1055 2152 ἄπειρος
1079 2111 1141 2141 τῶν
1170 2104 1246 2152 παρ’
1274 2103 1347 2153 ὑμῖν
1371 2117 1439 2141 κιν-

286 2251 309 2289 ι)
330 2253 366 2282 cf.
387 2252 473 2283 Orat.
494 2252 599 2283 Graec.
620 2252 680 2282 vol.
702 2252 739 2282 V.
760 2263 789 2291 p.
812 2253 878 2283 273.

285 2300 309 2338 ²)
330 2301 490 2332 Vindiciae
511 2301 659 2340 Lysiacae
680 2312 708 2339 p.
729 2302 776 2331 20.

285 2349 309 2388 ³)
329 2350 486 2381 Lectiones
506 2351 662 2389 Lysiacae.
