1627 2765
788 209 838 244 30

615 323 723 360 orat.
742 319 875 364 xxx.
913 326 938 372 5
963 325 1001 364 6.

289 393 406 443 Ὑμᾱξ-
419 397 520 430 τοίνυν
544 398 622 443 χρή,
650 394 677 430 ὦ
693 394 805 443 ἄνδρες
825 396 983 439 δικασταί,
1011 387 1277 446 ἀναμνησθέντας
1296 399 1430 433 καὶτῶν

191 457 355 499 προγόνων
378 461 441 500 τῶν
466 454 676 502 Νικομάχου,
702 455 815 496 οἵτινεξ
836 455 931 503 ἦσαν,
961 459 1020 491 καὶ
1045 455 1140 497 οὗτος
1170 457 1216 497 ὡς
1247 456 1431 504 ἀχαρίστως

190 509 263 559 ὑμῖν
287 510 533 560 προσενήνεκται
557 517 806 561 παρανομήσας,
832 515 974 549 κολάσαι
998 513 1104 557 αὐτόν,
1130 518 1188 551 ’καὶ
1218 515 1326 563 ἐπειδὴ
1359 514 1430 555 ἑνὸς

191 569 328 606 ἑκάστου
353 572 446 619 δίκην
471 570 532 607 οὒκ
553 571 720 620 εἰλήφατε,
751 579 805 608 νῦν
833 571 911 620 ὑπὲρ
936 573 1085 609 ἁπάντων
1109 572 1173 609 *αὖ
1198 577 1256 622 τὴν
1279 577 1430 622 τιμωρίαν

190 631 384 677 ποιήσασθε.

291 689 407 725 Verba
432 689 559 725 codicis
580 690 732 727 Palatini
748 704 878 738 magna
899 691 1107 728 difficultate
1125 692 1283 728 laborare
1299 693 1431 728 multae

191 748 377 794 variaeque
413 749 646 795 interpretum
692 751 912 786 coniecturae
951 751 1036 785 satis
1077 751 1245 787 indicant.
1302 751 1430 786 Emen-

191 807 349 842 dationes
375 809 492 843 autem
525 808 592 843 hoc
629 808 705 844 loco
741 809 899 855 prolatae
924 810 1108 845 lectionem
1134 810 1302 845 traditam
1329 810 1433 844 nimis

191 868 377 913 neglegere
415 867 501 902 mihi
544 868 718 911 videntur,
761 881 868 914 quam
915 871 956 904 ut
990 870 1132 915 probari
1172 869 1317 915 possint.
1380 868 1432 904 De

190 926 363 972 scriptura
389 927 514 962 codicis
540 927 783 963 Laurentiani:
823 958 830 965 .
863 958 871 965 .
904 934 957 964 νῦν
981 926 1058 975 ὑπὲρ
1084 928 1232 964 ἁπάντων
1257 931 1314 976 τὴν
1338 941 1364 963 τ.
1393 940 1427 969 π,

191 999 262 1021 nou
289 988 350 1028 est,
392 998 455 1021 cur
479 986 585 1021 verba
612 987 750 1031 faciam,
785 1000 863 1022 cum
897 990 1076 1033 appareat,
1103 989 1310 1034 scriptorem
1338 987 1433 1022 illius

191 1046 270 1080 libri
309 1046 502 1091 periculum
539 1046 695 1081 evitasse.
756 1046 958 1082 Marklandi
998 1059 1079 1082 vero
1114 1047 1232 1083 lectio:
1271 1074 1279 1081 .
1308 1073 1315 1081 .
1345 1073 1354 1081 .
1381 1051 1434 1081 νῦν

190 1103 268 1151 ὑπὲρ
294 1104 443 1140 ἁπάντων
470 1104 602 1151 ἀθρόων
624 1118 652 1140 τ.
679 1119 705 1140 τ.
733 1118 765 1140 π.
794 1107 852 1141 vix
870 1107 1031 1152 cuiquam
1049 1106 1265 1152 probabitur.
1307 1105 1430 1151 Neque

190 1164 339 1200 editores
379 1164 582 1200 Turicenses
617 1164 827 1210 scripturam
864 1165 991 1200 codicis
1027 1165 1059 1200 X
1084 1166 1168 1200 satis
1193 1166 1430 1206 servaverunt,

190 1236 269 1258 cum
305 1224 513 1258 scriberent:
551 1249 558 1257 .
588 1250 596 1257 .
624 1250 632 1258 .
675 1229 728 1258 νῦν
762 1222 840 1270 ὑπὲρ
875 1223 1023 1258 ἁπάντων
1058 1236 1093 1267 γε
1128 1222 1232 1258 αὐτῶν
1262 1237 1288 1258 τ.
1330 1236 1356 1257 τ.
1398 1235 1432 1257 π.

191 1281 308 1329 Atque
344 1282 418 1317 iure
443 1282 512 1317 iam
541 1281 710 1317 Franzius
736 1295 884 1329 eumque
909 1284 1044 1318 secutus
1072 1282 1251 1318 Scheibius
1277 1282 1313 1317 in
1351 1293 1432 1327 par-

189 1342 297 1377 ticula
331 1354 366 1386 ·(ε
397 1341 628 1389 offenderunt.
671 1342 811 1377 Franzii
846 1344 963 1377 autem
1006 1342 1247 1377 coniecturae:
1275 1347 1328 1376 νῦν
1353 1338 1431 1386 ὑπὲρ

190 1400 339 1436 ἁπάντων
369 1399 473 1436 αὐτῶν
507 1414 533 1435 τ.
570 1414 596 1435 τ.
633 1413 666 1436 π.
704 1401 739 1436 id
776 1401 904 1444 obstat,
941 1401 1034 1447 quod
1061 1401 1097 1436 in
1125 1401 1241 1436 codice
1274 1400 1433 1435 Palatino

189 1461 347 1509 syllabae
383 1459 425 1496 αὖ
460 1461 580 1496 littera
621 1461 777 1507 praefixa
817 1463 879 1502 est,
921 1473 1011 1506 quae
1046 1463 1165 1495 utrum
1200 1474 1217 1495 τ
1251 1460 1296 1495 sit
1331 1473 1376 1495 an
1413 1472 1433 1503 γ

191 1522 369 1568 Kayserus
395 1521 536 1566 quidem
563 1520 748 1556 dubitavit.

290 1579 413 1624 Neque
430 1579 639 1625 Kayserus¹)
654 1579 727 1624 ipse
744 1578 809 1613 hoc
826 1578 986 1623 respexit.
1023 1578 1115 1613 Nam
1138 1578 1253 1613 locum
1271 1579 1432 1612 nostrum

191 1639 323 1673 maiore
359 1638 560 1683 corruptela
597 1638 755 1673 laborare
796 1637 999 1671 existimans
1039 1649 1119 1671 eum
1154 1637 1270 1671 sanari
1307 1636 1431 1677 voluit,

190 1710 270 1733 cum
295 1697 519 1733 scriberetur:
557 1702 610 1732 νῦν
644 1695 722 1743 ὑπὲρ
752 1695 902 1731 ἁπάντων
931 1696 1116 1743 συλλήβδην
1139 1708 1166 1730 τ.
1193 1708 1219 1729 τ.
1247 1707 1280 1729 π.
1333 1694 1433 1736 Quod

190 1760 231 1792 ut
255 1758 479 1802 proponeret,
507 1768 557 1790 or.
585 1755 718 1800 X111.§
736 1756 784 1791 62
810 1756 841 1790 ci
866 1755 1048 1800 persuasit,
1077 1754 1134 1789 ubi
1162 1754 1248 1789 haec
1275 1755 1432 1789 exstant:

190 1815 218 1850 εἰ
243 1818 299 1863 μὲν
325 1813 363 1850 οὒ
389 1816 507 1850 πολλοὶ
532 1814 626 1862 ἦσαν,
653 1814 734 1850 καθ’
759 1814 897 1849 ἕκαστον
922 1813 962 1849 ἂν
986 1816 1057 1860 περὶ
1082 1812 1186 1848 αὒτῶν
1211 1812 1356 1860 ἠκουετε,
1382 1818 1435 1848 νῦν

191 1875 226 1910 δὲ
251 1874 436 1921 συλλήβδην
461 1876 532 1920 περὶ
557 1876 691 1909 πάντων.
744 1873 867 1919 Neque
894 1873 1044 1909 Scheibii
1069 1872 1255 1915 sententia,
1283 1884 1353 1918 qua
1378 1877 1431 1907 νῦν

190 1932 268 1980 ὑπὲρ
294 1932 444 1968 ἁπάντων
474 1932 618 1968 ἐνταῦθα
648 1944 674 1967 τ.
702 1945 727 1967 τ.
756 1944 788 1966 π.
818 1932 871 1967 vel
908 1930 1055 1967 ἁπάντων
1090 1930 1123 1966 ἐν
1151 1929 1255 1977 ταύτῷ
1285 1943 1311 1965 τ.
1343 1943 1370 1965 τ.
1397 1942 1430 1965 π.

189 1992 409 2028 scribendum
437 1994 498 2034 est,
525 1992 700 2037 scriptura
726 1991 851 2026 codicis
867 1991 1139 2026 commendatur.
1190 1990 1357 2035 Idemque
1382 1989 1435 2024 di-

191 2051 340 2086 cendum
376 2053 428 2086 est
463 2050 505 2085 de
536 2050 573 2086 P.
605 2050 646 2086 R.
679 2049 876 2094 Muelleri2)
909 2049 1123 2084 coniectura:
1177 2075 1185 2083 .
1214 2075 1221 2082 .
1251 2075 1258 2082 .
1287 2047 1436 2082 ἁπάντων

191 2109 263 2158 ἅμα
287 2123 314 2145 τ.
341 2123 367 2145 τ.
394 2122 428 2144 π.
480 2109 531 2145 At
561 2109 713 2145 maxime
748 2109 785 2144 in
822 2108 876 2143 his
911 2107 1119 2144 coniecturis
1155 2107 1303 2150 offendo,
1339 2105 1435 2152 quod

191 2172 254 2205 aut
280 2169 435 2204 litteram
461 2168 560 2203 illam
586 2169 623 2203 in
650 2168 767 2203 codice
793 2167 958 2203 Palatino
984 2166 1140 2213 syllabae
1170 2164 1212 2200 αὖ
1243 2165 1435 2211 praefixam

276 2295 297 2333 ¹)
318 2297 398 2326 Anu.
419 2295 559 2325 Heidelb.
584 2295 669 2324 1854.
691 2304 720 2332 p.
742 2294 809 2323 232.

273 2343 297 2385 ²)
318 2344 356 2375 cf.
377 2344 422 2375 De
444 2343 643 2375 emendandis
664 2343 786 2383 aliquot
807 2342 882 2373 locis
903 2342 936 2373 in
957 2341 1150 2373 orationibus
1172 2340 1281 2381 Lysiae
1302 2351 1330 2380 p,
1352 2340 1380 2371 7.
