1627 2765
788 186 832 223 19

610 302 719 339 orat.
744 302 864 340 xm.
900 304 926 351 ς
952 303 1009 339 19.

290 372 482 419 Ἐβοὺλοντο
508 371 564 408 οὖν
589 373 711 409 ἄκοντα
736 375 842 410 δοκεῖν
866 373 962 410 αὑτὸν
990 378 1050 410 ’καὶ
1079 377 1126 422 μὴ
1152 373 1268 410 ἑκόντα
1294 376 1430 422 μηνῦειν,

194 431 283 472 ὅπως
308 435 473 479 πιστότερα
498 430 571 481 ὑμῖν
595 431 811 481 ὑποφαίνοιτο.
833 432 840 440 '
1239 478 1242 480 ,

291 491 341 527 Ut
366 504 409 527 ex
437 492 547 527 verbis
572 492 836 538 insequentibus
861 492 907 533 ὣς
933 493 968 527 δὲ
993 491 1077 528 ἑκὼν
1101 492 1236 540 ἐμήνυσε
1261 495 1320 527 καὶ
1344 491 1430 540 ὑμᾶς

192 548 293 598 οἶμαι(
306 549 345 586 ἐκ
359 556 421 586 τῶν
435 554 663 598 πεπραγμένων
683 549 906 599 αἰσθήσεσθαι
924 553 1083 598 apparet,
1100 552 1287 598 participia
1308 551 1430 586 ἄκοντα

192 612 229 645 et
258 608 374 646 ἑκόντα
408 611 590 646 masculini
624 608 708 646 sunt
742 611 887 658 generis.
948 610 1064 653 Quare
1098 610 1357 646 Franckenium
1392 611 1430 646 iu

193 681 277 705 voce
300 672 465 716 πιστότερα
490 671 565 706 iure
589 671 771 706 offendisse
805 670 984 713 confiteor,
1021 670 1181 716 quamvis
1215 670 1288 705 eius
1312 682 1429 705 emen-

192 728 327 763 dationi
344 731 490 779 propter
506 729 651 764 nimiam
667 729 829 764 codicum
848 729 1144 775 contemptionem
1160 741 1232 763 non
1248 730 1428 765 assentiar.

192 787 435 833 Corruptelam
461 789 553 823 enim
579 789 616 823 in
643 788 755 823 verbis
790 786 863 835 ὑμῖν
887 785 1093 836 ὑποφαίνοιτο
1124 788 1234 823 inesse
1265 788 1429 834 opinatus

193 858 257 891 pro
291 846 346 880 his
380 847 534 892 scripsit:
582 846 670 886 ὅπως
704 850 870 893 πιστοτέρα
900 845 928 894 ἡ
959 850 1091 894 μήνυσις
1126 849 1279 893 φαίνοιτο,
1322 859 1426 892 quam

191 904 469 940 emendationem
487 905 801 941 Rauchensteinius
817 906 853 940 in
880 908 1014 941 textum
1042 905 1183 951 recepit.
1236 905 1285 940 At
1304 917 1428 951 quam-

193 975 299 1009 quam
326 964 432 999 etiam
461 964 633 999 faciliores
668 964 827 1009 prolatae
862 966 946 999 sunt
980 964 1200 999 coniecturae
1225 976 1246 999 a
1272 964 1428 1010 Kaysero

193 1021 281 1062 ὅπως
306 1025 472 1069 πιστότερα
498 1020 582 1058 οὑτω
607 1026 759 1071 φαίνοιτο,
791 1036 812 1058 a
848 1022 1003 1069 Sanppio
1038 1021 1127 1062 ὅπως
1161 1026 1326 1069 πιστότερα
1356 1021 1429 1070 ὑμῖν

190 1081 285 1117 εἰπεῖν
306 1085 457 1130 φαίνοιτο,
492 1085 610 1118 tamen
636 1080 839 1131 ὑποφαίνοιτο
865 1082 1086 1118 retinendum
1123 1094 1194 1117 esse
1218 1094 1349 1125 censeo,
1386 1085 1427 1117 ut

190 1141 297 1186 paulo
322 1143 403 1186 post
428 1141 683 1184 demonstrabo,
717 1144 822 1188 atque
848 1154 919 1176 una
944 1154 1012 1176 vox
1041 1144 1206 1187 πιστότερα
1236 1142 1323 1176 mihi
1347 1153 1425 1176 cor-

190 1202 296 1246 rupta
322 1200 469 1235 videtur.
522 1200 633 1236 Sci-ibi
658 1202 777 1235 autem
802 1201 898 1236 volo:
926 1199 1015 1240 ὅπως
1040 1203 1219 1246 πιστότερος
1248 1197 1320 1247 ὑμῖν
1345 1197 1426 1235 ὑπο·

190 1261 343 1307 φαίνοιτο,
387 1260 624 1305 eorruptelam
666 1271 709 1294 ex
749 1258 1032 1308 antecedentibus
1073 1258 1195 1295 ἄκοντα
1235 1262 1270 1294 et
1312 1257 1426 1293 ἑκόντα

190 1322 346 1354 exortam
372 1331 443 1354 esse
469 1319 679 1354 existimans.
730 1318 856 1354 Sensus
880 1318 990 1365 igitur
1013 1318 1081 1353 loci
1108 1318 1165 1353 hic
1191 1321 1258 1353 est<
1296 1317 1426 1353 Volue-

191 1380 274 1413 runt
299 1390 377 1413 eum
404 1379 554 1414 invitum
581 1391 652 1413 rem
679 1378 833 1413 iudicare
861 1377 978 1420 videri,
1005 1380 1046 1413 ut
1070 1378 1242 1424 paulatim
1259 1378 1426 1413 maiorem

189 1437 283 1483 apud
310 1449 369 1472 vos
395 1437 499 1472 fidem
526 1438 790 1474 nancisceretur.
842 1436 928 1472 Cum
955 1449 992 1471 re
1017 1449 1100 1472 vera
1125 1437 1210 1471 haec
1226 1438 1316 1471 ratio
1341 1439 1426 1482 apta.

189 1496 349 1532 videatur
373 1496 417 1532 ad
444 1497 579 1532 animos
605 1496 757 1532 iudicum
783 1496 909 1532 sensim
935 1495 1155 1542 decipiendos
1176 1496 1317 1531 verbum
1344 1493 1426 1530 ὑπο-

189 1558 330 1603 φαίνοιτο
356 1568 411 1590 me
437 1551 577 1602 quidem
603 1556 714 1591 iudice
738 1568 802 1590 suo
828 1556 906 1590 loco
932 1556 1085 1601 positum
1111 1557 1172 1589 est.

606 1661 713 1698 Orat.
738 1661 857 1697 XIII.
898 1662 922 1708 5
947 1661 1009 1697 20.

286 1731 353 1769 Τοῦ
380 1732 503 1768 δ’ἕνεκα
528 1738 627 1768 ταῦτα
658 1733 744 1778 λέγω
768 1730 856 1781 ὑμῖνς
884 1731 924 1767 ἵν’
953 1730 1056 1780 εἰδῆτε
1086 1730 1133 1766 ὅτι
1162 1734 1202 1765 τὰ
1232 1735 1424 1779 ψηφίσματα

187 1792 221 1832 ἐξ
246 1792 371 1840 ἐκείνης
395 1800 453 1841 τῆς
481 1794 601 1841 βουλῆς
627 1791 688 1827 οὐκ
714 1792 758 1827 ἔτι
782 1790 888 1838 εὐνοίᾳ
913 1798 953 1838 τῇ
979 1789 1115 1838 ὑμετέρα
1141 1790 1213 1826 ἀλλ’
1243 1790 1295 1826 ἐπὶ
1319 1803 1425 1826 ’κατα-

187 1852 274 1886 λὺσει
297 1857 353 1887 τοῦ
380 1852 484 1899 δήμου
513 1857 568 1887 τοῦ
599 1849 750 1899 ὑμετέρου
781 1850 908 1886 ἅπαντα
938 1849 1075 1895 ἐλέγετο,
1107 1852 1165 1885 καὶ
1194 1848 1240 1889 ὣς
1273 1852 1424 1890 τοιοίποις

187 1908 247 1945 οὐκ
272 1908 359 1946 οὖσιν
385 1909 493 1950 αὐτοῖς
518 1913 571 1946 τὸν
595 1916 668 1946 νοῦν
692 1913 882 1957 προσέχητε.

286 1969 465 2006 Bekkerus
500 1970 570 2005 iam
607 1972 688 2016 post
727 1971 919 2017 ψηφίσματα
955 1972 1047 2004 recte
1082 1969 1268 2004 articulum
1303 1971 1343 2002 τά
1368 1969 1422 2003 in-

186 2029 304 2066 seruit.
355 2029 479 2075 Neque
505 2030 620 2065 minus
647 2029 795 2077 probata
821 2031 872 2063 oet
897 2027 1105 2070 emendatio,
1131 2028 1159 2062 si
1176 2027 1319 2062 omniuo
1341 2027 1423 2062 licet

186 2089 237 2124 ita
262 2089 340 2133 dici,
368 2089 561 2125 Foertschii
587 2102 652 2135 pro
685 2086 745 2124 οὐκ
770 2087 847 2131 ἔτιῙ)
881 2087 1062 2123 scribentis
1098 2083 1159 2121 οὑκ
1194 2085 1252 2121 ἐπ’.
1304 2085 1421 2134 Nega-

186 2148 330 2193 tionem,
367 2161 470 2195 quam
513 2148 621 2184 codex
653 2148 833 2184 Palatinus
868 2150 950 2183 ante
986 2145 1072 2182 οὖσιν
1114 2146 1229 2189 habet,
1272 2146 1423 2182 editores

187 2208 388 2245 omiserunt,
441 2209 489 2243 At
515 2208 690 2254 quomodo
715 2208 753 2243 in
779 2209 915 2243 textum
946 2207 1091 2249 venerit,
1127 2206 1185 2241 vix
1220 2208 1337 2252 potest
1362 2206 1422 2241 de-

247 2353 249 2356 .
268 2326 294 2364 ¹)
314 2327 363 2357 Sic
384 2327 465 2357 enim
488 2327 567 2365 legit
588 2327 741 2365 Lamprus.
762 2326 800 2357 cf.
821 2326 843 2356 1.
863 2326 884 2356 l.
905 2335 934 2364 p.
956 2325 1024 2355 265.
