1627 2765
784 184 831 220 29

288 302 391 338 Hanc
422 304 624 349 corruptam
653 302 779 338 codicis
807 303 961 338 Palatini
995 303 1203 349 scripturam
1240 303 1418 339 Scheibius

191 364 357 402 intactam
384 364 422 401 i'n
448 366 582 401 textum
614 364 754 412 recepit,
791 377 869 401 011111
905 364 936 401 01
972 364 1015 401 de
1050 367 1146 401 certa
1180 364 1423 402 emendatione

190 437 261 460 non
286 426 470 460 constaret.
520 424 594 460 Nec
618 428 758 467 temere,
794 437 874 460 cum
905 424 1162 470 probabilitatis
1191 425 1339 471 speciem
1368 425 1424 459 vix

190 483 264 519 ulla
298 495 340 518 ex
374 483 416 518 iis
451 483 666 527 coniecturis,
702 495 791 530 quae
822 483 980 530 prolatae
1008 485 1101 527 sunt,
1138 496 1223 530 prae
1251 495 1289 518 se
1317 483 1420 519 ferat.

190 542 313 590 Neque
338 543 450 579 verbis
476 543 626 588 traditis,
643 555 756 590 neque
771 543 885 580 sensui
902 543 1102 586 concinunt,
1129 556 1219 590 quae
1236 556 1256 579 a
1279 543 1423 579 librario

190 602 315 639 codicis
355 602 382 638 C
417 603 572 639 coniecta
607 605 706 639 sunt:
744 602 824 638 ὥστε
860 602 898 638 δι’
932 600 1009 639 αὐτὸ
1045 606 1159 643 πάντες
1185 630 1193 638 .
1222 630 1229 638 .
1258 630 1265 638 .
1300 630 1309 646 ,
1345 615 1424 638 011111

190 663 363 698 causalem
388 662 456 698 vim
492 663 557 698 hoc
588 663 665 698 loco
691 663 760 698 iam
787 663 823 698 in
849 663 1095 699 coniunctione
1119 661 1199 697 ὥστε
1225 663 1334 698 inesse
1360 675 1425 708 ap-

191 723 320 767 pareat.
374 721 556 767 Emperius
582 722 692 768 igitur
731 721 833 757 aliter
868 722 946 757 loco
981 722 1111 757 mederi
1146 722 1288 767 cupiens
1322 722 1425 756 scribi

191 780 319 815 voluit:
346 779 427 814 ὥστε
451 783 486 815 τὸ
511 771 616 815 οιῦτῶν
641 784 755 820 πάντες
782 811 789 817 ,
816 807 824 815 .
852 807 860 815 .
904 781 1018 815 Multo
1044 781 1215 826 aptiorem
1241 780 1426 815 lectionem

190 838 373 874 constituit
415 839 599 885 SauppiuS‚
641 840 702 885 qui
742 852 819 874 cum
861 840 892 874 ei
934 852 1000 874 vox
1041 839 1203 874 excidisse
1240 839 1424 880 videretur,

190 896 406 933 scribendum
434 910 504 932 esse
529 898 674 934 censuit:
699 897 780 932 ὥστε
804 890 896 933 roseo
923 895 1153 938 ὃποτοποῦντες
1179 900 1293 937 πάντες
1310 909 1342 932 κ.
1355 910 1381 931 τ.
1393 898 1423 931 λ.

290 956 442 991 Facilius
479 956 598 991 eadem
635 957 770 992 ratione
796 956 1086 992 Westermannus
1121 957 1304 992 coniecisse
1340 956 1426 990 mihi

191 1015 345 1050 videtur:
381 1019 515 1051 τοιοῦτοί
545 1015 669 1060 γ’ὄντες.
729 1016 896 1051 Attamen
929 1003 1014 1051 h'aec
1039 1015 1236 1051 emendatio
1262 1016 1346 1050 satis
1371 1016 1426 1050 iu-

191 1074 332 1120 geniosa
358 1074 444 1109 mihi
470 1086 541 1109 non
568 1075 692 1120 placet,
719 1087 795 1109 curn
823 1075 1022 1116 coniunctio
1047 1074 1128 1108 ὥστε
1154 1074 1296 1110 eandem
1324 1086 1426 1119 prae-

165 1149 171 1152 >
194 1133 271 1168 beat
297 1132 367 1168 vim
392 1133 573 1169 causalem.
624 1133 771 1180 Kayseri
806 1134 1005 1169 coniectura
1035 1131 1115 1167 ὥστε
1146 1138 1238 1168 τοῦτο
1270 1133 1426 1172 δείσαντες

192 1192 350 1227 Seheibio
368 1192 508 1238 quidem
523 1192 773 1227 verisimillima
795 1193 942 1234 videtur,
960 1193 1012 1227 ita
1033 1195 1163 1234 tamen,
1181 1194 1222 1227 ut
1235 1192 1423 1227 scribatur:

192 1250 272 1287 ὥστε
296 1250 378 1287 τοῦτ’
404 1249 480 1287 αὐτὸ
507 1251 675 1293 δείσαντες,
701 1251 796 1298 quod
813 1251 1127 1287 Rauchensteinius
1142 1251 1281 1297 recepit.
1311 1250 1425 1286 Verbo

192 1313 309 1346 autem
336 1324 357 1345 a
383 1311 539 1358 Kaysero
565 1311 694 1346 inserto
721 1323 851 1357 novum
878 1313 1127 1357 argumentum
1148 1323 1220 1345 non
1242 1310 1427 1346 inducitur.

194 1370 327 1405 Deinde
353 1382 429 1404 cum
458 1368 608 1416 ἐμποδών
633 1370 710 1404 aliis
736 1382 875 1416 quoque
906 1370 991 1405 loeis
1016 1369 1169 1416 Lysiacis
1199 1359 1277 1404 011111
1309 1369 1426 1405 dativo

193 1429 438 1474 coniungatur,
466 1429 552 1463 mihi
578 1429 642 1463 sub
666 1431 702 1463 τὸ
728 1427 805 1463 αὐτὸ
832 1429 969 1464 dativus
1005 1429 1114 1463 latere
1149 1428 1297 1470 videtur,
1334 1428 1427 1473 quod

193 1487 264 1521 iam
290 1487 449 1521 Baiterus
476 1487 587 1521 voluit
612 1487 785 1521 coniciens
809 1487 1124 1532 scriptum‘fuisse:
1158 1485 1239 1520 ὥστε
1272 1493 1317 1532 τῷ
1343 1484 1428 1532 αὐτῷ

193 1549 307 1586 πάντες
333 1572 341 1579 .
369 1572 377 1580 .
406 1572 413 1580 .
465 1545 596 1580 Eadem
628 1546 721 1580 enim
752 1546 887 1581 ratione
917 1544 1067 1592 ἐμποδών
1097 1558 1175 1581 011111
1203 1545 1320 1580 dativo
1345 1558 1429 1580 con-

193 1607 352 1652 iunctum
378 1606 478 1641 nobis
510 1606 662 1640 occurrit
692 1606 729 1640 111
760 1618 810 1642 or.
838 1605 901 1640 ΙΙΙ.
928 1605 947 1650 ξ
973 1606 1017 1641 4:
1050 1603 1100 1645 οἷς
1131 1604 1247 1640 ἅπασιν
1280 1604 1430 1653 ἐμποδὼν

194 1664 268 1713 ἐμοὶ
292 1668 455 1712 γεγένηται
479 1664 587 1712 Σίμων
612 1663 731 1706 οὑτοσί,
768 1665 892 1701 deinde
918 1665 955 1700 in
982 1677 1031 1700 or.
1058 1664 1138 1699 VII.
1165 1664 1184 1709 ξ
1213 1665 1273 1700 14:
1311 1690 1319 1699 .
1348 1691 1355 1699 .
1384 1663 1429 1704 ὡς

195 1724 351 1772 ἀμπέλοις
382 1724 531 1771 ἐμποδὼν
562 1724 611 1771 ἧν,
645 1727 680 1759 et
711 1725 747 1759 in
774 1737 823 1760 or.
853 1724 948 1761 VIII.
979 1724 998 1769 ξ
1028 1725 1088 1759 19;
1119 1726 1154 1758 τὸ
1181 1726 1237 1770 μὲν
1267 1722 1323 1758 οὖν
1352 1723 1429 1770 ἐμὸν

194 1783 254 1820 οὒκ
280 1784 429 1832 ἐμποδὼν
464 1781 536 1831 ὑμῖν
572 1783 668 1819 ἔσται.
730 1784 895 1825 Quamvis
930 1786 1049 1819 autem
1084 1783 1225 1818 Baitero
1262 1782 1430 1818 assentiar

195 1844 353 1878 dativum
391 1843 611 1884 desideranti,
649 1844 868 1879 coniecturae
902 1843 975 1877 eius
1009 1841 1086 1877 ‘non
1128 1843 1308 1888 astipulor,
1350 1854 1428 1876 cum

194 1902 332 1938 facilior
356 1910 391 1937 et
416 1903 533 1947 aptior
557 1902 645 1936 mihi
662 1902 822 1936 videatur
846 1902 945 1937 haec:
973 1900 1053 1935 ὥστε
1068 1902 1168 1946 τοὺτῳ
1186 1903 1298 1940 πάντες
1315 1912 1346 1934 κ.
1358 1913 1384 1934 τ.
1397 1901 1427 1934 λ.

196 1962 245 1997 At
270 1974 313 1997 ne
339 1962 416 2007 quis
442 1962 478 1996 in
498 1961 705 2007 pronomine
727 1962 839 1996 totam
866 1960 1073 1995 sententiam
1107 1960 1140 1995 vi
1170 1960 1319 2006 quadam
1348 1960 1429 1995 effe-

195 2020 288 2055 renti
313 2017 477 2061 offendat‚
511 2019 637 2054 addam
673 2019 787 2054 locum
822 2031 865 2053 ex
897 2030 946 2053 or.
975 2018 1035 2053 VI.
1063 2019 1085 2061 ἓ
1110 2019 1156 2053 41
1190 2019 1429 2063 desumptum:

196 2076 234 2114 οὖ
261 2080 323 2125 γὰρ
348 2083 442 2113 τοῦτο
469 2079 551 2113 λύειν
576 2077 642 2113 ἐστὶ
666 2079 706 2113 τὰ
731 2080 932 2125 συγκείμενα,
967 2075 995 2111 εἰ
1018 2075 1217 2124 Ἀνδοκίδης
1251 2076 1346 2112 ἕνεκα
1371 2082 1433 2112 τῶν

194 2136 281 2172 ἰδίων
314 2137 554 2185 ἁμαρτημάτων
589 2136 696 2172 δίδωσι
730 2138 822 2184 δίκην
824 2163 976 2177 .....
1028 2136 1107 2172 Η110
1142 2137 1296 2182 pertinet
1326 2136 1432 2171 etiam

195 2195 290 2231 XVI.
307 2197 329 2239 ἓ
348 2196 411 2232 18:
439 2198 544 2230 καίτοι
568 2197 634 2243 χρὴ
656 2196 730 2236 τοὺς
751 2196 924 2243 φιλοτίμως
940 2197 998 2230 καὶ
1013 2198 1158 2243 κοσμίως
1174 2195 1432 2242 πολιτευομένους

196 2253 235 2290 ἐκ
259 2261 321 2290 τῶν
345 2256 492 2290 τοιοὺτων
517 2260 657 2296 σκοπεῖν,
685 2254 757 2290 ἀλλ’
783 2252 844 2290 οὐκ
868 2253 900 2289 εἴ
920 2267 965 2295 τις
990 2255 1107 2302 τολμᾷ,
1134 2255 1186 2290 διὰ
1210 2260 1302 2290 τοῦτο
1324 2260 1431 2303 μισεῖν.

196 2314 249 2351 Cf.
277 2315 383 2350 ctiam
408 2314 536 2353 XXVI,
563 2316 584 2358 ξ
611 2315 656 2357 6.,
683 2313 810 2350 ΧΧΧΙ.
838 2315 860 2357 ξ
885 2315 919 2350 3.
