1627 2765
816 198 858 233 11

219 315 304 351 Cum
333 317 412 351 tota
438 328 521 351 vcro
545 300 722 352 structura
746 317 937 352 sententiae
962 316 1113 352 conferri
1138 317 1255 362 potest
1280 328 1330 351 or.
1356 315 1454 353 XIX.

217 374 237 421 5
263 375 320 418 65,
347 374 407 410 ubi
431 376 586 410 exstant:
614 401 622 409 .
650 401 658 410 .
687 401 695 409 .
722 374 816 420 ὲγγῦς
840 387 873 410 τε
898 373 996 411 οἰκῶν
1019 381 1077 422 τῆς
1103 373 1227 421 ἀγορᾶς
1254 400 1262 409 .
1291 400 1300 409 .
1328 401 1337 409 .

710 491 813 528 Ihm.
839 492 864 538 5
888 491 949 527 34.

313 559 488 608 Μάρτυρας
513 562 575 608 γὰρ
601 560 688 609 ἔχων
713 559 799 608 αὐτῷ
824 561 1025 609 προσῆλθον,
1051 561 1163 605 λέγων,
1190 559 1236 595 ὅτι
1260 573 1316 607 μοι
1335 562 1450 600 πάνυες

214 618 290 654 εἰσὶν
315 618 346 654 οἱ
371 621 577 666 θεράποντες,
605 619 662 661 οὓς
688 619 881 668 ἐκεκτήμην,
907 619 1016 667 ἐπειδὴ
1046 620 1233 666 παρέλαβον
1256 621 1292 654 τὸ
1317 622 1449 667 χωρίον,

213 680 271 713 καὶ
315 677 441 725 ἕτοιμος
486 678 586 727 ἥμην,
611 678 663 730 ,εἴ
702 691 769 714 τινα
814 679 971 725 βούλοιτο,
1016 678 1217 725 παραδοῦναι
1261 679 1448 724 βασανίζειν,

214 736 391 786 ἠγοὺμενος
417 736 519 779 οὕτως
545 738 584 774 ἂν
608 741 662 774 τὸν
687 738 823 786 ἔλεγχον
846 737 1051 786 ἰσχυρότερον
1074 739 1225 783 γενέσθαι
1248 744 1310 773 τῶν
1334 739 1447 774 τοὺτου

211 797 317 838 λόγων
350 799 409 831 καὶ
442 803 504 832 τῶν
538 796 639 843 ἔργων
663 803 724 832 τῶν
749 796 845 844 ἐμῶν.

309 854 539 891 Offenderunt
564 856 628 892 viri
654 855 747 891 docti
771 856 808 891 iu
835 855 964 891 verbis:
991 857 1050 890 καὶ
1075 854 1202 902 ἕτοιμος
1228 854 1327 902 ἥμην,
1367 867 1448 890 cum

210 916 273 949 aut
293 914 442 949 formam
463 914 552 962 ἤμην
572 915 777 951 inusitatam
796 915 991 951 iudicarent
1010 916 1073 950 aut
1089 914 1196 951 aliam
1212 914 1448 950 desiderarent

208 975 430 1009 structuram.

307 1032 358 1069 At
382 1045 454 1069 nou
481 1034 659 1077 habemus,
686 1032 781 1080 quod
807 1033 842 1068 in
859 1033 973 1069 forma
997 1031 1086 1081 ἤμην
1110 1032 1337 1076 offendamus,
1364 1044 1445 1068 cum

210 1106 279 1128 nou
305 1093 418 1129 solum
451 1093 517 1129 hoc
546 1094 635 1136 loco,
671 1093 730 1130 sed
766 1094 873 1129 etiam
908 1093 992 1128 alibi
1024 1092 1321 1129 consentientibus
1347 1092 1444 1128 libris

206 1151 355 1199 legatur,
383 1152 475 1199 quod
503 1152 731 1199 Lobeckius1)
756 1153 889 1199 optime
914 1152 1140 1189 demonstrat.

305 1212 400 1254 Quae
431 1225 510 1248 cum
544 1213 595 1248 ita
630 1213 711 1256 sint,
748 1225 861 1259 neque
892 1212 1247 1258 Westermannum²)‚
1289 1212 1350 1259 qui
1384 1214 1443 1248 καὶ

206 1270 332 1319 ἕτοιμος
357 1271 397 1319 ἠν
421 1275 485 1319 μήν
509 1272 657 1318 scripsit,
689 1272 786 1318 sequi
823 1272 914 1315 volo,
950 1285 1062 1317 neque
1097 1271 1344 1315 Hertleinium,
1381 1272 1441 1318 qui

205 1333 263 1365 καὶ
288 1330 415 1379 ἕτοιμος
434 1330 475 1379 ἧν
495 1331 687 1377 proposuit.
720 1331 801 1367 Jam
816 1331 1041 1377 inspiciamus
1056 1331 1271 1367 coniecturas
1287 1331 1441 1367 virorum

204 1389 388 1426 doctorum
412 1390 447 1425 in
474 1390 550 1436 ipso
576 1390 782 1435 imperfecto
808 1390 1072 1427 offendentium.

302 1448 461 1485 Dobrcus
486 1449 580 1484 enim
605 1448 693 1496 ἤμην
723 1449 873 1484 mutavit
906 1449 944 1484 in
983 1448 1060 1495 εἴην,
1097 1448 1202 1495 idque
1238 1448 1441 1484 Turioenses

202 1510 416 1553 receperunt.
466 1508 548 1543 Jam
574 1507 863 1542 Westermannus
889 1510 983 1543 recte
1008 1507 1192 1542 iudicavit:
1223 1507 1441 1542 »docendum

201 1568 278 1600 erat
304 1578 375 1600 non
401 1566 476 1608 hoc,
504 1566 606 1609 λέγων
631 1564 678 1600 ὅτι
702 1565 829 1613 ἕτοιμος
853 1565 922 1612 εἴην
957 1577 1020 1611 per
1049 1577 1085 1600 se
1117 1569 1209 1601 recte
1234 1565 1300 1600 dici
1327 1577 1438 1611 posse,

201 1624 236 1658 id
273 1625 366 1670 quod
403 1637 505 1660 nemo
540 1624 688 1667 dubitat,
730 1637 849 1660 verum
885 1637 956 1670 quo
992 1624 1067 1660 iure
1101 1626 1181 1671 post
1211 1624 1439 1661 indicativum

202 1683 381 1729 optativus
405 1683 610 1719 inferaturs

298 1742 494 1788 Scheibio⁸)
520 1756 601 1779 vero
626 1742 715 1791 ἤμην
745 1756 835 1779 »non
862 1746 1069 1790 corruptum
1084 1742 1232 1787 videtur,
1260 1742 1319 1779 sed
1346 1743 1437 1779 male

199 1802 374 1837 invectum
400 1816 421 1837 a
447 1802 600 1845 librario,
627 1803 663 1837 in
690 1804 788 1837 cuius
813 1803 955 1838 auribus
971 1805 1150 1838 resonaret
1165 1803 1261 1838 verbi
1278 1803 1436 1848 proxime

198 1860 436 1906 praecedentis
461 1859 643 1909 ἐκεκτήμην
668 1861 810 1898 exitus«

296 1920 426 1955 Contra
462 1924 554 1956 recte
593 1921 894 1957 Westcrmannus:
946 1921 1014 1956 »At
1048 1922 1243 1956 accuratius
1278 1921 1433 1967 inspecto

197 1979 273 2013 loco
298 1991 357 2013 sex
374 1979 622 2014 vocabulorum
637 1979 824 2014 intervallo
840 1980 909 2014 duo
927 1980 994 2014 ista
1014 1992 1035 2014 a
1050 1991 1086 2014 se
1101 1979 1230 2014 distare
1247 1980 1428 2025 reperiam«

196 2037 238 2073 In
264 2038 379 2084 ipsum
405 2041 542 2074 textum
569 2037 749 2074 Scheibius
774 2038 881 2073 aliam
906 2038 1037 2084 recepit
1052 2038 1297 2082 coniecturam,
1325 2051 1432 2085 quam

195 2097 316 2132 eodem
341 2097 418 2133 loco
446 2098 621 2143 prolatam
646 2097 756 2143 priori
782 2097 834 2132 illi
860 2097 989 2132 rationi
1016 2100 1269 2143 postposuerat.
1304 2097 1432 2134 Scribit

276 2234 299 2272 ¹)
320 2235 484 2273 Phrynich.
506 2246 534 2273 p.
559 2235 623 2264 152.

275 2283 302 2320 Β)
322 2284 492 2314 Comment.
513 2284 582 2314 crit.
603 2284 635 2313 in
656 2285 759 2323 script.
781 2285 887 2315 Graec.
908 2285 960 2315 IV.
981 2296 1011 2324 p.
1032 2286 1061 2315 6.

274 2331 298 2369 ³)
319 2332 439 2363 Vindio.
463 2333 529 2371 Lys.
551 2344 581 2372 p.
603 2334 639 2363 27
661 2336 692 2364 et
713 2334 760 2364 28.
