1627 2765
797 190 843 226 16

196 307 280 355 quia
305 307 381 353 ipsa
406 310 516 355 γραφή
539 310 738 354 quaestores
758 307 795 342 in
817 320 890 343 rem
908 308 1084 354 inquirere
1114 309 1287 354 coegerat.
1320 308 1434 350 Quam

198 367 243 402 ob
269 379 340 402 rem
368 366 529 413 equidem
554 367 671 402 locum
695 379 821 402 sanum
847 378 919 402 non
943 369 1042 413 puto,
1070 380 1183 413 neque
1208 379 1288 402 cum
1312 367 1436 403 ceteris

196 427 264 463 loci
290 426 573 462 emendatoribus
608 426 712 470 facio,
749 427 810 473 qui
847 426 1014 463 audacter
1049 440 1129 463 eum
1163 429 1436 474 temptaverunt.

197 486 362 522 Scribunt
401 486 496 522 enim
528 486 690 522 Reiskius
735 488 771 521 et
813 486 997 532 Emperius
1031 487 1106 527 τοὺς
1135 487 1340 534 παραδόντας
1378 488 1436 533 τὴν

196 548 332 593 γραφήν.
385 544 461 586 Qua
477 545 514 579 in
530 545 730 580 coniectura
750 545 901 581 maxime
916 545 953 579 id
968 545 1127 587 offendit,
1154 546 1249 591 quod
1267 545 1311 580 ad
1329 558 1435 580 unam

196 604 412 650 eandemque
437 603 673 650 corruptelam
699 604 893 639 tollendam
920 604 1049 650 duplex
1085 604 1285 640 instituitur
1318 616 1435 640 emen-

196 663 304 706 datio,
332 676 409 699 cum
437 666 473 699 et
498 667 659 709 παρόντας
694 664 729 698 in
767 664 970 710 παραδόντας
1005 665 1161 699 mutetur
1196 666 1233 699 ct
1262 664 1435 709 particula

196 725 253 756 καί
279 722 474 757 omittatur.
525 722 621 763 Quae
647 734 726 756 cum
741 723 792 757 ita
807 723 889 764 sint,
916 722 1053 757 facilius
1076 722 1205 756 mutari
1222 722 1337 757 locum
1354 722 1434 756 volo

196 780 369 816 scribens:
399 779 678 826 ἀνακαλεσάμενοι
702 781 776 821 τοὺς
801 784 963 827 παρόντας
988 782 1074 816 κατὰ
1098 782 1156 827 τὴν
1186 783 1314 828 γραφὴν
1338 779 1435 815 ἐσκο-

195 845 311 874 ποῦντο
336 846 395 886 τῆς
421 838 525 878 αἰτίας
550 842 608 886 τὴν
633 842 800 886 πρόφασιν.

295 899 501 941 Quaestores
527 900 644 934 autem
670 899 708 934 in
745 899 856 945 ipsam
892 911 966 934 rem
1001 899 1184 945 inquisisse
1218 901 1366 945 apparet
1392 911 1433 934 ex

195 958 431 1004 sequentibus:
459 957 655 997 ἀκοῦσαντες
672 958 706 992 δὲ
721 960 756 992 τὸ
774 961 982 1004 γεγενημένον
999 957 1176 998 ἐννοοῦντες
1192 957 1246 993 οἷα
1262 960 1434 998 πεπονθὼς

194 1016 245 1065 ἠν,
271 1019 306 1051 τὸ
333 1019 390 1064 μὲν
415 1022 538 1062 πρῶτον
564 1015 699 1052 ἔπειθον
734 1014 849 1056 αὐτοὺς
886 1015 1021 1064 ἀφεῖναι,
1057 1017 1259 1057 διδάσκοντες
1293 1017 1339 1057 ὡς
1374 1015 1435 1052 οὐκ

194 1075 328 1115 ἐπιεικὲς
362 1074 412 1122 εἴη
447 1081 508 1110 τῶν
543 1076 679 1110 πολιτῶν
713 1088 798 1115 τινας
834 1076 886 1110 διὰ
923 1077 982 1115 τὰς
1007 1069 1138 1123 ἔχθρας
1178 1075 1433 1123 ἀναγράφεσθαι,

195 1134 388 1181 ἀποροῦντες
404 1134 438 1169 δὲ
455 1140 642 1181 μεταπεῖσαι
657 1131 784 1175 αὐτοὺς,
807 1136 861 1169 τὸν
876 1133 951 1180 παρ’
969 1131 1058 1181 ὑμῶν
1081 1134 1224 1169 κίνδυνον
1243 1132 1434 1174 ὑποστάντες

195 1194 313 1241 ἄκορον
338 1196 396 1241 τὴν
421 1195 539 1241 ζημίαν
558 1192 693 1239 ἔκριναν,
730 1193 796 1228 Hic
821 1194 1080 1239 quoquelocus
1100 1194 1299 1230 coniectura
1318 1196 1433 1240 temp-

194 1256 290 1289 tatus
316 1256 376 1289 est.
428 1252 592 1294 Bakius¹)
620 1252 713 1287 enim
734 1253 770 1287 in
798 1253 910 1287 verbis
936 1253 989 1287 διὰ
1014 1254 1072 1292 τὰς
1099 1252 1228 1300 ἔχθρας
1254 1253 1433 1288 offendens

194 1313 297 1348 scribi
325 1313 402 1348 vult
428 1311 466 1347 δι’
490 1310 575 1352 ἰδίας
602 1311 741 1360 ἔχθρας.
794 1312 939 1348 Secutus
965 1324 1043 1347 euin
1070 1314 1123 1348 est
1147 1312 1336 1356 Scheibius,
1374 1313 1435 1359 qui

194 1372 433 1408 coniecturam
457 1372 555 1407 illam
582 1372 618 1407 in
655 1374 792 1408 textum
829 1372 967 1418 recepit.
1030 1372 1079 1407 At
1112 1374 1252 1409 temere.
1302 1372 1433 1409 Eadem

194 1432 286 1467 enim
305 1432 409 1466 verba
424 1433 483 1471 τὰς
506 1431 636 1478 ἔχθρας
658 1432 765 1467 etiam
787 1432 824 1466 in
842 1432 861 1477 ξ
878 1432 925 1467 22
945 1431 1147 1475 traduntur,
1175 1432 1235 1467 ubi
1255 1432 1435 1468 Scheibius

194 1491 335 1536 quidem
361 1490 508 1524 eandem
534 1489 637 1524 Bakii
659 1490 939 1525 emendationem
967 1491 1108 1535 recepit.
1153 1490 1199 1525 At
1220 1503 1274 1525 me
1294 1490 1435 1536 quidem

194 1549 306 1585 iudice
331 1549 506 1584 sententia
532 1562 552 1584 a
579 1548 691 1583 Bakio
718 1549 917 1597 desiderata·
937 1549 1020 1595 ipsis
1035 1549 1147 1584 verbis
1168 1549 1307 1585 traditis
1332 1550 1433 1585 inest.

194 1609 288 1644 Nam
323 1609 359 1643 in
395 1608 415 1653 ξ
444 1609 488 1643 13
525 1610 645 1643 orator
680 1608 765 1643 dicit
799 1608 899 1643 haec:
944 1609 990 1643 δεῖ
1024 1606 1137 1655 δ’ὑμᾶς
1173 1611 1219 1655 μὴ
1252 1612 1349 1656 μόνον
1378 1614 1434 1643 τοῦ

193 1667 402 1714 ἐγκλήματος
426 1669 483 1714 τὴν
509 1665 611 1701 αἰτίαν
637 1666 725 1701 ἀλλὰ
744 1669 802 1702 καὶ
826 1674 884 1714 τῆς
906 1666 1036 1714 ἔχθρας
1055 1669 1113 1714 την
1132 1670 1291 1715 πρόφασιν
1310 1666 1433 1703 εἰδέναι.

193 1726 317 1772 Neque
342 1726 486 1761 dubium
513 1728 575 1768 est,
603 1726 688 1771 quin
715 1725 736 1773 ἡ
764 1726 875 1773 ἔχθρα
906 1726 973 1761 hoc
1005 1727 1082 1761 loco
1118 1726 1291 1772 significet
1316 1726 1429 1761 inimi-

193 1786 303 1828 citias,
330 1785 366 1820 in
393 1797 481 1831 quas
506 1785 579 1831 ipse
605 1787 725 1820 orator
750 1785 884 1828 incidit,
911 1784 962 1819 ita
988 1786 1029 1820 ut
1055 1784 1262 1831 vertendum
1287 1785 1351 1821 sit:
1378 1784 1435 1820 ihr

194 1847 305 1880 miisst
339 1845 423 1880 aber
463 1845 553 1879 auch
594 1845 660 1879 den
698 1844 821 1880 Grund
856 1857 998 1879 nnsercr
1035 1843 1262 1879 Feindschaft
1295 1845 1434 1879 kennen

193 1904 324 1939 lernen.
378 1903 492 1945 Quare
519 1903 624 1938 verba
650 1903 703 1938 διὰ
727 1905 786 1943 τὰς
812 1902 942 1950 ἔχθρας
969 1904 1119 1949 utroque
1151 1903 1226 1938 loco
1253 1902 1434 1938 retinenda.

194 1964 281 1999 mihi
309 1963 482 2007 videntur,
509 1976 589 1998 cum
615 1964 833 2010 significent:
872 1975 991 2009 wegen
1027 1963 1123 1998 ihrer
1148 1963 1184 2006 (i.
1211 1976 1240 1999 e.
1268 1962 1329 1998 der
1355 1975 1434 2009 per-

192 2022 390 2065 sonlichen)
416 2022 699 2057 Feindschaften.

638 2108 746 2148 orat.
771 2108 868 2145 ΧΠ.
904 2109 929 2156 g
956 2108 992 2145 6.

292 2170 422 2213 Θεόγνις
448 2172 510 2215 γὰρ
536 2173 594 2204 καὶ
621 2169 745 2203 Πείσων
775 2169 885 2211 ἔλεγον
920 2168 953 2203 ἐν
977 2175 1044 2208 τοῖς
1069 2171 1238 2214 τριάκοντα
1272 2170 1343 2213 περὶ
1374 2174 1435 2202 τῶν

193 2231 360 2277 μετοίκων,
393 2226 438 2268 ὡς
475 2226 536 2263 εἶὲν
571 2240 648 2268 τινες
683 2233 722 2275 τῇ
759 2228 901 2274 πολιτεία
938 2226 1131 2276 ἀχθόμενοι·
1167 2226 1344 2274 καλλίστην
1378 2223 1435 2261 οὖν

276 2326 301 2366 ¹)
322 2327 360 2357 cf.
382 2326 481 2357 Schol.
503 2327 650 2365 hypomn.
672 2336 701 2365 p.
723 2326 790 2355 247.
