1627 2765
804 201 850 236 22

203 317 382 353 (lationem
408 319 518 363 λαβὼν
549 322 789 366 κατεχρήσατο.
847 319 942 360 Quae
975 320 1079 354 verba
1110 320 1242 365 optime
1271 319 1449 365 quadrant

204 378 239 412 in
266 377 448 424 ingenium
481 377 741 423 Aristophanis,
778 378 820 413 de
846 390 916 423 quo
942 379 979 412 in
1005 378 1024 423 ἕ
1053 380 1098 414 18
1125 379 1210 414 haec
1239 381 1445 414 narrantur:

301 436 539 485 Ἀριστοφάνης
570 438 604 471 δὲ
635 435 673 471 οἷ)
704 441 801 484 μόνον
826 443 887 471 τῶν
917 436 1004 472 ἰδίων
1036 437 1124 472 ἀλλὰ
1156 440 1215 473 καὶ
1243 444 1304 473 τῶν
1334 443 1448 472 κοινῶν

202 496 352 542 ἐβουλετο
369 495 600 545 ἐπιμελεῖσθαι,
618 498 676 531 καὶ
692 495 756 531 εἴτι
772 495 812 544 ἧν
827 494 914 543 αὐτῷ
930 495 1087 543 ἀργῦριον,
1105 496 1268 544 ἀνήλωσεν
1283 495 1447 544 ἐπιθυμῶν

201 557 369 602 τιμᾶσθαι.
421 556 453 590 Α
480 558 602 590 nostro
627 556 738 601 igitur
763 556 839 590 loco
871 556 1047 590 excusatio
1073 568 1214 601 prorsus
1246 557 1359 590 aliena
1385 557 1445 589 est.

203 614 349 649 Accedit
375 614 468 660 quod
496 613 616 649 eadem
643 614 828 649 verborum
855 614 1058 649 coniunctio
1083 614 1122 649 in
1148 615 1170 657 ἓ
1197 615 1244 650 23
1269 614 1369 649 nobis
1389 625 1446 648 oce

203 674 323 716 currit,
360 672 419 708 ubi
461 673 645 720 leguntur:
688 671 706 707 ὁ
747 673 782 708 δὲ
818 675 876 707 καὶ
911 674 1029 713 ταῦτας
1066 674 1176 718 λαβὼν
1209 676 1445 721 κατεχρήσατο.

202 732 364 768 Conferri
401 735 518 779 potest
559 733 666 768 etiam
703 733 723 777 ξ
760 733 818 775 32,
855 732 916 767 ubi
952 733 1038 768 haec
1072 733 1247 768 invenies:
1294 735 1375 779 πρὸς
1412 732 1446 767 δὲ

201 793 323 832 τοῦτοις
348 794 406 827 καὶ
431 795 582 838 πρότερον
607 794 688 837 πρὸς
712 792 787 831 τοὺς
814 792 979 831 συνδίκους
1005 793 1063 826 καὶ
1088 796 1141 826 νῦν
1166 790 1324 838 ἐθέλομεν
1348 794 1447 826 πίστιν

203 851 323 891 δοῦναι,
349 850 417 897 ἥτις
443 849 509 885 ἐστὶ
535 853 666 897 μεγίστη
692 856 758 889 τοῖς
790 849 986 896 ἀνθρώποις,
1019 852 1065 897 μὴ
1097 850 1182 897 ἔχειν
1212 857 1273 885 τῶν
1297 849 1447 896 Ἀριστο-

203 912 322 958 φάνους
357 912 545 957 χρημάτων,
582 908 771 957 ὀφείλεσθαι
806 909 840 943 δὲ
875 911 932 956 τὴν
967 915 1087 955 προῖκα
1122 916 1181 957 τῆς
1217 908 1363 957 ἀδελφῆς
1389 911 1447 944 καὶ

203 968 282 1004 ἑπτὰ
309 976 402 1017 μνᾶς,
430 970 470 1009 ἃς
496 969 600 1016 ᾤχετο
622 970 733 1014 λαβὼν
758 971 848 1015 παρὰ
873 974 929 1004 τοῦ
952 959 1072 1015 πατρὸς
1102 974 1158 1004 τοῦ
1185 968 1275 1017 ἐμοῦ.
1328 969 1448 1005 Unum

202 1029 344 1074 quidem
375 1029 514 1064 obstare
539 1028 678 1064 videtur
704 1028 939 1064 emendationi
966 1028 1101 1063 librarii
1134 1028 1261 1064 codicis
1286 1028 1446 1063 Lauren-

201 1089 290 1123 tiani
327 1100 452 1133 nempe
493 1087 587 1133 quod
625 1087 755 1123 recedit
801 1100 821 1122 a
864 1088 1063 1123 litterarum
1098 1087 1339 1124 similitudine.
1397 1086 1447 1122 At

202 1148 431 1193 participium
455 1145 562 1188 εἰπών,
599 1146 690 1192 quod
718 1147 755 1181 in
796 1147 913 1182 codiee
939 1146 1103 1182 Palatino
1128 1149 1191 1190 est,
1228 1147 1278 1182 ita
1304 1159 1446 1193 compa-

204 1208 321 1241 ratum
349 1206 435 1240 mihi
462 1206 610 1248 videtur,
638 1208 679 1240 ut
705 1218 776 1241 non
804 1206 1034 1240 dubitandum
1067 1207 1123 1249 sit,
1160 1207 1245 1252 quin
1273 1206 1445 1248 librarius,

202 1277 280 1300 cum
308 1265 344 1300 in
372 1265 567 1311 archetypo
595 1277 661 1299 vox
688 1264 756 1310 legi
784 1277 855 1299 non
881 1268 1008 1309 posset,
1041 1265 1268 1310 participium
1292 1265 1445 1299 fluxerit.

202 1325 317 1365 Quare
343 1323 418 1358 sola
443 1323 619 1358 sententia
645 1323 713 1357 nisi
740 1323 855 1358 locum
882 1323 1108 1358 restituamus
1133 1324 1224 1360 licet.

703 1429 806 1467 lma.
833 1430 857 1477 5
882 1429 940 1466 28.

296 1501 394 1541 Ἰσως
434 1500 527 1541 ἐνίοις
563 1499 662 1548 ὑμῶν,
699 1500 726 1535 ὧ
763 1500 876 1547 ἄνδρες
913 1501 1070 1542 δικασταί,
1107 1502 1198 1536 δοκεῖ
1228 1500 1323 1545 ὀλίγα
1357 1500 1444 1536 εἶναι.

202 1561 377 1596 ἀλλ’ἐκεῖνο
404 1560 626 1608 ἐπιθυμεῖσθε,
654 1559 700 1595 ὅτι
725 1562 797 1606 πρὶν
822 1564 991 1608 νικοφήμῳ
1022 1560 1044 1607 ἢ
1066 1563 1124 1595 καὶ
1151 1560 1351 1608 ἀριστοφάνει
1376 1563 1447 1607 πρὶν

200 1626 258 1670 τὴν
284 1626 469 1670 ναυμαχίαν
495 1629 621 1669 νικῆσαι
657 1635 691 1665 γε
726 1624 790 1668 μὴν
822 1620 882 1656 οὒκ
916 1620 956 1669 ἧν
993 1621 1118 1667 ἀλλειῙ)
1149 1622 1300 1668 χωρίδιον
1334 1624 1447 1668 μικρόν

200 1680 397 1729 Ῥαμνοῦντι.

301 1740 418 1777 Verba
443 1741 515 1786 πρὶν
540 1742 710 1788 νικοφήμῳ
737 1737 759 1787 ἢ
785 1741 843 1774 καὶ
869 1738 1069 1788 ἀριστοφάνει
1095 1752 1173 1775 eum
1191 1739 1358 1785 explicari
1374 1750 1444 1774 non

202 1801 346 1846 possint,
375 1800 554 1834 Scheibius
580 1800 725 1834 omittit.
778 1799 940 1833 Reiskius
966 1801 1094 1840 autem,
1128 1812 1231 1843 quem
1265 1798 1445 1832 Bekkerus

201 1861 236 1895 et
263 1857 579 1894 Rauchensteinius
604 1857 712 1892 secuti
736 1858 829 1900 sunt,
856 1857 959 1892 scribi
991 1851 1119 1892 voluit:
1153 1855 1200 1892 ὅτι
1223 1855 1445 1904 Ἀριστοφάνει

201 1918 335 1953 omissis
361 1918 474 1952 verbis
499 1919 571 1962 πρὶν
596 1915 785 1963 Νικοφήμῳ
812 1915 833 1963 ἢ
859 1919 926 1951 καὶ.

300 1977 491 2011 Muellerus
521 1975 721 2010 Scheibium
756 1975 925 2020 sequitur,
964 1975 1138 2010 arbitrans
1172 1975 1277 2013 verba
1313 1974 1356 2008 ab
1382 1974 1444 2008 illo

201 2039 336 2075 remota
361 2048 469 2082 supra
495 2033 556 2070 οὒκ
581 2034 621 2083 ἧν
647 2033 721 2070 ἀλλ’
745 2034 766 2082 ἢ
802 2035 952 2083 χωρίδιον
983 2037 1095 2082 μικρὸν
1120 2032 1306 2082 Ῥαμνοῦντι
1332 2033 1443 2080 expli—

201 2098 303 2134 candi
329 2108 433 2132 causa
470 2108 549 2130 cum
590 2095 739 2130 fuissent
774 2095 948 2140 adscripta
978 2095 1094 2129 alieno
1131 2095 1207 2130 loco
1243 2097 1363 2140 postea
1389 2093 1443 2127 in-

202 2159 295 2194 serta
322 2168 401 2192 esse.
454 2155 530 2197 Quo
557 2156 768 2201 argumento
793 2154 881 2189 mihi
907 2167 977 2189 non
1008 2154 1191 2200 persuasit.
1242 2152 1366 2199 Neque
1389 2154 1444 2188 sto

201 2231 222 2253 a
248 2216 382 2252 Reiskii
408 2215 568 2260 partibus
593 2214 630 2249 in
658 2214 799 2249 nomine
833 2212 1021 2262 Νικοφήμῳ
1048 2213 1263 2249 offendentis
1313 2213 1444 2254 Quam-

284 2345 306 2383 ¹)
326 2346 481 2383 Kayserus
501 2345 620 2382 legerat
640 2341 705 2371 ἀλλ’
726 2340 756 2382 ἢ,
