1627 2765
781 193 827 228 14

181 312 279 346 ratus
304 311 361 348 sit.
414 312 526 353 Quam
554 311 793 347 coniecturam
819 311 1036 357 Scheibius⁹)
1073 324 1143 348 non
1178 312 1293 348 solum
1327 324 1422 347 com·

180 370 354 416 probavit,
380 370 440 406 sed
466 371 573 406 etiam
598 371 757 406 imitatus
795 373 848 407 est
877 371 915 406 in
945 383 996 407 or.
1020 371 1150 408 XXIV.
1186 371 1206 417 ξ
1235 372 1290 414 10,
1317 384 1422 418 quem

180 429 295 465 locum
320 429 415 466 infra.
440 429 681 466 tractabimus.
719 430 943 467 Meutznerus
973 431 1107 467 omissis
1137 430 1249 468 verbis
1274 429 1338 476 ἐγὼ
1365 433 1422 477 μέν

178 489 282 525 scribi
308 490 384 525 vult
413 489 594 534 ἐγνωκέναι.
648 490 714 526 Sed
741 503 933 535 pronomen
957 503 1021 526 suo
1044 491 1120 526 iure
1144 491 1299 537 positum
1335 491 1421 526 mihi

179 548 327 584 videtur.
379 548 514 595 Itaque,
542 550 702 595 quamvis
719 549 858 584 facilem
875 561 947 585 esse
962 550 1198 585 coniecturam
1222 549 1419 592 concedam,

178 607 306 643 lacuna
336 610 472 644 exstare
497 608 686 655 Lysiasque
723 608 808 644 haec
839 608 928 644 mihi
960 599 1097 644 vi‘detur
1125 609 1314 655 scripsisse:
1356 607 1420 653 ἐγὼ

178 669 235 714 μὲν
260 665 374 702 εἰδέναι
399 665 484 715 ὑμᾶς
510 666 654 716 ἡγοῦμαι
680 695 688 709 ,
716 694 724 702 .
752 693 773 709 .,
800 680 880 703 cum
907 668 991 703 haec
1016 668 1152 704 dicendi
1178 668 1270 703 ratio
1296 668 1420 716 Lysiae

178 726 402 762 usitatissima
427 728 482 762 sit.

281 786 413 821 Eodem
440 787 531 821 enim
560 786 664 821 modo
690 785 805 822 εἰδέναι
829 799 907 821 cum
934 787 1010 833 ipso
1029 786 1132 822 verbo
1158 785 1310 834 ἡγεῖσθαι
1334 799 1418 822 con-

178 845 337 880 iunctum
365 847 415 880 est
440 846 483 881 X.
514 845 581 888 15„
609 845 704 881 XXI.
736 847 803 889 18„
831 845 948 882 XXIX
975 847 1008 883 2.
1062 846 1178 881 Etiam
1209 858 1288 881 cum
1315 846 1419 882 verbo

177 903 302 939 οἴεσθαι
330 905 553 940 coniunctum
579 903 694 940 εἰδέναι
718 905 864 952 legitur:
892 905 920 941 Ι.
947 907 1017 948 28.,
1044 906 1087 941 Χ.
1116 907 1161 948 7.,
1187 905 1281 941 ΧΙΧ.
1308 905 1355 950 4.,
1372 906 1418 948 5.,

177 963 245 1006 52.,
273 963 367 1000 XXI.
396 965 428 1001 7.

605 1081 712 1119 orat.
739 1082 852 1119 vm.
883 1083 908 1130 5
934 1082 990 1119 16.

275 1151 436 1194 Τοιαὺτας
471 1156 647 1202 προφάσεις
683 1156 951 1202 προφασιζόμενοι
985 1156 1054 1189 τότε
1090 1156 1147 1201 μὲν
1182 1152 1221 1189 ἐκ
1244 1160 1303 1202 τῆς
1334 1153 1417 1202 ἐμῆς

175 1215 233 1247 καὶ
258 1212 481 1260 Θρασυμάχου
506 1216 671 1253 συνουσίας
688 1213 757 1249 ἐστὲ
773 1217 913 1261 φανεροί,
940 1219 993 1248 νῦν
1010 1214 1044 1248 δὲ
1064 1212 1172 1260 ἐπειδὴ
1196 1212 1418 1248 ἐκλελοίπασιν

175 1268 261 1318 ὑμᾶς
287 1271 321 1306 αἱ
345 1275 533 1319 προφάσεις,
559 1272 819 1319 ἐλευθεριώτερόν
845 1285 884 1319 με
910 1274 1068 1311 κακώσας
1094 1273 1211 1306 λέπτιδι
1236 1270 1336 1307 οὐδὲν.

275 1330 458 1367 Sententia
484 1332 569 1368 haec
596 1332 667 1367 fere
694 1334 761 1367 est:
790 1331 908 1367 Antea
934 1331 1088 1378 quidem,
1116 1331 1414 1378 Thrasymachum

175 1402 237 1435 per
263 1403 318 1425 me
344 1391 531 1436 pellectum
560 1391 656 1426 vobis
683 1390 913 1426 contumelias
948 1391 1078 1426 inferre
1114 1390 1259 1432 dixistis,
1296 1393 1336 1425 ut
1361 1391 1416 1425 in-

173 1448 284 1483 iuriae
310 1449 396 1483 mihi
422 1449 542 1484 illatae
568 1450 680 1484 iustae
707 1449 917 1484 viderentur.
951 1448 999 1483 At
1021 1448 1202 1483 nunciam
1222 1448 1295 1483 sine
1312 1460 1416 1483 causa

173 1520 228 1542 me
255 1508 441 1543 offenditis.

272 1566 437 1602 Veterem
453 1568 700 1612 corruptelam,
718 1580 808 1612 qnae
829 1568 865 1601 in
882 1567 994 1601 verbis
1009 1569 1167 1606 κακώσας
1183 1568 1301 1601 λέπτιδι
1325 1565 1416 1601 οὐδέν

173 1626 295 1667 exstat,
322 1625 390 1660 iam
418 1625 544 1661 codicis
569 1625 595 1660 C
622 1625 793 1667 librarius,
824 1625 884 1671 qui
910 1626 1061 1672 ingenio.
1099 1637 1169 1671 quo
1205 1625 1353 1668 valebat,
1381 1628 1416 1661 et

173 1685 315 1731 linguae
351 1685 504 1720 Graecae
539 1685 664 1731 peritia
700 1685 841 1720 adiutus
876 1685 1068 1731 permultos
1104 1685 1197 1720 locos
1232 1686 1415 1730 corruptos

171 1756 296 1778 sanare
326 1744 472 1786 studuit,
516 1757 692 1779 removere
726 1744 861 1790 cupivit
896 1744 1066 1779 scribens:
1109 1750 1261 1778 κακῶσαι
1295 1744 1415 1778 λείπετε

172 1800 272 1838 οὐδέν.
325 1803 443 1849 Atque
469 1803 650 1839 Scheibius
676 1816 755 1839 eum
780 1806 918 1839 secutus
944 1805 1006 1845 est,
1034 1803 1100 1837 nisi
1126 1802 1222 1849 quod
1243 1805 1323 1848 post
1347 1803 1414 1837 λεί-

170 1873 242 1896 πετε
268 1875 311 1897 ex
337 1863 491 1909 vestigiis
512 1863 638 1898 codicis
659 1863 812 1898 Palatini
829 1862 894 1910 ἤδη
913 1862 1150 1908 recipiendum
1171 1862 1202 1896 ei
1219 1861 1412 1896 videbatur.

172 1921 224 1956 Ac
250 1922 403 1966 primum
429 1922 570 1967 quidem
597 1934 798 1967 persuasum
832 1921 955 1963 babeo,
993 1921 1126 1956 exitum
1162 1920 1414 1956 enuntiationis

171 1980 265 2015 haud
291 1981 394 2015 aliter
420 1981 608 2027 legendum
624 1993 695 2015 esse
710 1981 776 2015 nisi
799 1980 837 2015 δι’
857 1978 959 2020 οὐδέν,
987 1982 1026 2015 ut
1048 1980 1223 2026 oppositio
1245 1980 1413 2014 afferatur

170 2039 213 2074 ad
252 2039 370 2075 verba:
406 2042 582 2088 προφάσεις
608 2042 885 2087 προφασιζόμενοι.
948 2038 1071 2085 ltaque
1105 2037 1278 2084 syllabam
1314 2038 1343 2072 δι
1368 2037 1412 2072 ab

170 2101 314 2134 auctore
343 2099 469 2135 codicis
503 2099 733 2135 Laurentiaui
770 2100 875 2145 plane
905 2099 1098 2145 neglectam
1142 2099 1248 2143 atque
1283 2097 1412 2132 iniuria

169 2171 190 2194 a
218 2158 379 2194 Scheibio
406 2159 443 2194 in
469 2158 534 2207 ἤδη
561 2161 734 2194 mutatam
751 2159 896 2195 retineo.
949 2158 1001 2193 De
1018 2157 1142 2194 ceteris
1160 2159 1279 2193 autem
1300 2156 1412 2192 verbis

169 2218 295 2254 codicis
320 2218 353 2253 X
379 2218 534 2254 dubitari
560 2219 652 2255 licet.
705 2218 786 2254 Mea
812 2217 951 2264 quidem
986 2217 1161 2254 sententia
1191 2216 1411 2252 scribendum

252 2336 275 2374 ¹)
297 2337 416 2367 vindic.
438 2338 504 2374 Lys.
527 2347 555 2375 p.
578 2337 658 2367 XIV.
