1627 2765
786 181 833 217 25

191 300 365 347 Sauppius
390 302 506 336 autem
537 301 706 347 scriptum
742 301 846 336 fuisse
875 299 969 335 ὥστε
987 307 1031 347 τῷ
1061 299 1176 347 γ’ἕργῳ
1206 307 1264 348 τῆς
1295 302 1422 341 πόλεως

189 360 276 395 ταῦτ’
303 359 392 395 ἔσται
415 361 571 397 coniecit.
622 360 698 407 Ego
725 373 863 407 quoque
899 360 944 395 ob
978 361 1230 396 sententiarum
1256 373 1426 396 conexum

189 421 327 464 tempus
353 419 511 454 futurum
540 420 606 455 hoc
636 420 711 455 loco
742 420 898 455 desidero
931 421 1037 465 atque
1063 419 1151 454 ἔσται
1175 420 1303 455 iustam
1338 422 1426 466 puto

189 478 477 515 emendationem.
529 477 671 514 Ceterae
688 491 768 514 vero
788 478 1008 514 coniecturae
1024 478 1134 524 magis
1151 478 1238 513 mihi
1256 479 1420 514 videntur

189 551 210 573 a
234 537 365 574 tradita
396 538 569 585 scriptura
608 538 774 581 recedere,
817 550 923 585 quam
964 550 1053 584 quae
1093 537 1226 584 possint
1264 538 1414 584 probari.

169 596 358 645 vEquidem
384 597 448 632 sub
480 598 581 633 πάλαι
616 610 734 633 vocem
770 598 879 632 πολλά
916 598 1023 632 latere
1054 597 1225 640 existimo,
1263 601 1304 633 ut
1341 594 1426 633 haec

189 657 294 691 verba
319 657 553 702 respondeant
578 657 881 693 antecedentibus:
908 659 1124 704 πειράσομαι.
1152 682 1160 691 .
1188 683 1196 691 .
1229 656 1324 701 ὀλίγα
1339 659 1426 692 κατὰ

188 716 301 763 μικρὸν
340 718 666 762 παρασκευάσασθαι.
739 716 889 751 Deinde
921 715 1098 761 Sauppius
1131 716 1206 750 iure
1242 716 1424 751 lectionem

188 775 355 811 traditam
381 778 439 811 καὶ
464 774 530 811 οὔτ’
558 775 621 821 ἐγώ
649 776 857 822 repudiavit,
885 788 964 811 cum
987 775 1072 811 haec
1096 775 1199 821 verba
1216 788 1329 821 neque
1346 788 1425 811 cum

139 871 143 874 ,
187 834 470 869 antecedentibus
490 848 602 881 neque
622 848 703 870 cum
727 835 951 881 sequentibus
971 835 1083 869 verbis
1104 835 1190 871 bene
1216 838 1423 882 congruant.

188 894 237 929 At
262 894 355 939 quod
382 895 455 940 ipse
481 895 655 940 particula
680 897 738 929 καί
764 895 889 929 omissa
916 894 1101 939 proposuit
1126 892 1193 928 οὐδ’
1231 893 1305 938 ἐγώ,
1338 894 1424 929 mihi

187 965 257 988 non
283 954 366 988 satis
393 953 515 999 placet.
566 953 666 996 Quod
699 953 823 996 voluit,
860 952 978 999 perfici
1006 954 1131 999 potest,
1168 953 1196 987 si
1221 953 1422 988 scribimus:

186 1015 244 1048 καὶ
264 1011 325 1047 οὐκ
342 1012 406 1056 ἐγὼ
423 1040 431 1047 .
450 1040 470 1053 .,
490 1026 559 1059 qua
575 1013 821 1048 emendatione
841 1012 979 1048 facilius
994 1013 1060 1048 loci
1076 1013 1263 1048 difficultas
1275 1013 1423 1050 tollitur.

606 1119 713 1155 Orat.
739 1118 852 1155 XXI.
892 1119 917 1166 5
942 1118 1000 1155 23.

283 1188 354 1224 Καὶ
379 1192 435 1237 μὲν
460 1191 512 1237 δή,
539 1189 565 1224 ὦ
591 1189 707 1236 ἄνδρες
733 1190 891 1230 δικασταί,
923 1188 1090 1236 (ἐπιθυμῶ
1121 1191 1183 1235 γὰρ
1218 1192 1276 1224 ’καὶ
1306 1191 1424 1225 τουτων

185 1249 386 1297 μνησθῆναι)
412 1248 624 1291 οὐδεπώποτε,
655 1250 839 1296 λειτουργεῖν
874 1246 952 1296 ὑπὲρ
976 1246 1065 1296 ὖμῶν
1100 1249 1182 1290 δέον,
1217 1247 1245 1283 εἰ
1278 1251 1419 1296 τοσουτῳ

185 1312 383 1356 πενεστέρους
424 1310 497 1349 τοὺς
527 1310 646 1350 παῖδας
687 1310 883 1357 καταλείψω,
927 1308 1014 1343 ἀλλὰ
1039 1309 1122 1344 πολὺ
1148 1310 1276 1356 μᾶλλον
1317 1308 1345 1344 εἰ
1373 1312 1420 1357 μὴ

185 1369 363 1415 προθύμως
389 1372 517 1415 ποιήσω
541 1371 581 1402 τὰ
605 1370 863 1415 προσταχθέντα.

283 1426 387 1462 Hunc
411 1428 528 1462 locum
553 1428 679 1462 lacuna
704 1427 904 1463 mutilatum
931 1426 1094 1461 librarius
1121 1427 1248 1462 codicis
1263 1427 1421 1463 Lauren-

184 1486 272 1521 tiani
296 1499 420 1521 sanare
446 1488 591 1521 conatus
618 1488 670 1522 est
693 1486 860 1522 scribens:
894 1512 903 1520 .
931 1513 938 1520 .
968 1512 976 1520 .
1006 1487 1089 1527 δέον,
1116 1485 1296 1534 ἐμνήσθην,
1323 1485 1350 1521 εἰ
1376 1514 1383 1521 .
1413 1514 1420 1521 .

185 1543 251 1580 Sed
286 1545 371 1581 haec
407 1545 606 1581 coniectura
642 1558 686 1581 ne
721 1545 765 1580 ad
803 1557 904 1580 usum
937 1545 1078 1591 quidem
1103 1545 1245 1592 linguae
1270 1545 1423 1581 Graecae

186 1605 446 1640 accommodata
472 1607 532 1641 est.

286 1664 427 1698 Rectius
458 1664 620 1698 Reiskius
650 1664 753 1698 scribi
789 1664 918 1698 voluit:
961 1690 969 1698 .
1005 1690 1012 1697 .
1046 1689 1054 1697 .
1087 1664 1169 1705 δεον,
1203 1663 1421 1711 ἐνεθυμήθην,

184 1720 211 1757 εἷ
238 1749 245 1757 .
276 1750 282 1758 .
311 1749 318 1757 .
372 1722 421 1758 At
446 1735 490 1758 ne
522 1723 588 1758 hoc
623 1722 763 1769 quidem
801 1721 945 1758 verbum
971 1734 1051 1757 cum
1085 1722 1196 1758 altera
1226 1723 1419 1759 sententia:

183 1780 210 1815 εἰ
236 1784 281 1828 μὴ
308 1784 487 1829 προθύμως
513 1786 637 1828 ποιήσω
654 1784 694 1816 τὰ
714 1777 963 1829 προσέαχθέντα
988 1785 1070 1828 apte
1087 1783 1325 1829 coniungitur,
1342 1796 1421 1818 curn

184 1845 305 1875 orator
329 1840 454 1876 dixisse
480 1840 566 1876 mihi
592 1840 762 1883 videatur,
794 1852 830 1875 se
855 1840 948 1875 haud
977 1842 1173 1875 morantem
1203 1852 1266 1876 nec
1292 1841 1420 1876 damna

183 1902 404 1944 reputantem
430 1901 545 1935 offic-ia
571 1912 655 1946 erga
680 1912 754 1935 rem
780 1899 957 1945 publicam
973 1900 1169 1945 suscepisse.
1222 1900 1353 1935 Eadem
1370 1903 1422 1936 est

182 1969 294 2001 causa,
317 1970 379 1993 cur
403 1970 475 1993 non
494 1958 603 2004 ponit
629 1957 779 1993 Scheibii
802 1957 944 2003 probari
969 1958 1186 1992 coniectura:
1224 1984 1231 1991 .
1259 1983 1268 1991 .
1297 1984 1304 1991 .
1337 1959 1419 2000 δεον,

183 2015 325 2052 ἐνενόουν
352 2044 359 2052 .
388 2044 396 2052 .
451 2017 597 2053 Rectam
632 2019 747 2052 autem
785 2017 879 2052 viam
904 2016 972 2051 loci
997 2016 1143 2054 sanandi
1170 2017 1344 2063 ingressus
1370 2020 1421 2053 est

181 2075 508 2118 Rauchensteinius‚
535 2088 613 2111 cum
629 2076 809 2111 scriberet:
838 2101 847 2109 .
875 2101 883 2109 .
911 2076 993 2118 δεον,
1021 2076 1119 2110 δεινὸν
1145 2074 1350 2123 ἡγουμηνῆεἷ
1374 2103 1382 2110 .
1411 2103 1419 2110 .

180 2132 229 2168 At
254 2135 366 2182 magis
396 2136 613 2181 respecturus
644 2145 720 2169 sum
747 2133 879 2181 Lysiae·
909 2133 1047 2169 dicendi
1084 2133 1256 2169 rationem
1284 2134 1419 2181 legens:

182 2214 190 2222 -
219 2218 227 2226 .
257 2219 264 2226 .
292 2193 373 2235 δέον,
400 2192 548 2241 ἡγοὺμην
573 2194 672 2228 δεινὸν
697 2192 784 2234 εἶναι,
810 2191 838 2227 εἰ
864 2219 872 2227 .
902 2219 910 2227 .
940 2219 948 2227 .
1001 2192 1095 2228 Nam
1121 2193 1227 2228 etiam
1244 2194 1321 2228 aliis
1336 2193 1422 2229 locis

183 2250 326 2287 verbum
353 2252 611 2288 substantivum
639 2251 798 2287 additum
832 2251 1016 2298 reperitur.
1070 2251 1152 2287 Jam
1177 2252 1293 2287 locum
1320 2264 1341 2287 a
1366 2264 1422 2287 me

180 2312 368 2346 tractatum
386 2314 585 2358 sequuntur
600 2312 793 2347 sententiae
812 2312 889 2347 loco
906 2313 1026 2347 nostro
1041 2312 1240 2348 simillimae
1255 2312 1292 2347 in
1317 2311 1337 2359 ξ
1355 2312 1419 2348 24:
