1627 2765
788 176 834 211 13

193 296 336 342 gantur,
366 295 549 341 transponi
577 294 635 330 vix
659 295 815 340 possunt.
867 293 1011 330 Accedit
1045 293 1138 340 quod
1174 293 1281 330 etiam
1314 294 1431 329 trans-

193 353 365 400 positione
390 355 533 400 accepta
557 352 787 403 aequabilitas
802 353 1085 388 enuntiationum
1103 352 1339 388 membrorum
1358 364 1430 386 non

138 441 162 466 ¹.
194 412 401 457 restituitur,
427 425 507 449 cum
532 411 629 460 prior
653 411 851 449 enuntiatio
875 411 1125 449 condicionalis
1150 411 1431 448 additamentum

116 488 119 492 ¹
194 473 348 516 haberet,
374 472 546 520 posterior
569 484 642 508 non
666 471 820 509 haberet.

291 532 390 576 Quae
413 544 491 569 cum
517 531 568 568 ita
593 531 675 576 sint,
702 532 740 568 in
764 531 913 569 lectione
937 530 1071 568 tradita
1094 531 1222 568 lacuna
1245 530 1432 568 statuenda

194 592 281 628 mihi
307 591 454 634 videtur,
481 591 532 627 ita
557 592 598 627 ut
619 583 659 627 iu
686 591 801 637 priore
825 591 1068 627 enuntiatione
1092 590 1327 627 condicionali
1351 592 1433 637 post

194 649 305 694 ἔλεγον
339 649 511 685 nonnulla
545 649 672 684 omissa
708 661 780 685 esse
815 652 989 695 putemus.
1056 650 1174 695 Atque
1214 649 1433 684 concinnitas

195 710 310 745 totam
344 708 431 744 mihi
466 708 603 744 videtur
638 720 777 755 pomere
812 708 1033 752 sententiam,
1070 721 1161 755 quae
1192 707 1245 743 illi
1281 708 1304 742 ἃ
1337 705 1432 747 οὗτος

195 767 345 814 ἐβοὺλετο
370 767 589 813 respondeat.
642 768 757 809 Quare
781 767 1018 814 Lysiamtale
1034 767 1118 813 quid
1138 767 1313 813 scripsisse
1327 770 1430 813 puto:

192 828 263 873 περὶ
287 825 368 874 ἐμοῦ
394 828 451 873 μὲν
476 828 538 872 γὰρ
567 824 596 860 εὶ
631 825 752 870 ἔλεγον,
794 825 841 866 ὡς
872 825 1044 865 ἐξέκοπτον
1074 828 1129 862 τὸν
1160 829 1274 873 σηκόν,
1301 824 1368 861 οὐδ’
1392 825 1432 860 ἂν

193 885 470 933 ἀπολογήσασθαί
494 897 549 932 μοι
573 884 741 930 ἐξεγένετο·
772 886 872 932 τοὺτῳ
898 884 954 921 δἐἰ
989 888 1036 934 μὴ
1067 885 1255 934 ὡμολόγουν
1288 886 1311 920 ἃ
1336 883 1431 926 οὗτος

194 944 354 990 ἐβοὺλετο,
380 942 513 991 οὐδεμιᾷ
538 947 638 991 ζημία
663 943 780 992 ἔνοχος
804 943 854 992 ἧν.
906 944 962 981 Sic
993 945 1087 980 enim
1116 945 1308 981 sententiae
1338 946 1432 981 inter

193 1016 230 1040 se
254 1003 455 1040 concinunt.

293 1064 411 1108 Atque
436 1063 541 1098 verba
566 1062 738 1102 ἐξέκοπτον
772 1065 826 1098 τὸν
856 1066 961 1110 σηκόν
988 1063 1120 1109 sumpsi
1156 1076 1199 1099 ex
1224 1063 1244 1109 ξ
1273 1063 1328 1099 15.
1380 1063 1432 1098 De

195 1121 328 1158 lacunis
352 1124 481 1164 autem,
508 1134 597 1168 quae
622 1121 660 1157 in
686 1120 810 1169 Lysiae
836 1121 933 1157 libris
957 1121 1197 1165 inveniuntur,
1224 1125 1317 1158 recte
1341 1122 1432 1157 iudi-

194 1194 287 1218 casse
302 1181 390 1217 mihi
405 1181 545 1217 videtur
560 1181 849 1217 Westermannus
856 1180 883 1227 ²)
901 1180 955 1216 his
971 1181 1098 1217 verbis:
1129 1182 1248 1224 »Quae
1268 1182 1433 1217 lacunosa

195 1241 365 1277 librorum
395 1240 602 1281 nostrorum&
624 1240 782 1276 condicio
807 1240 857 1276 sic
881 1240 1029 1276 fortasse
1063 1240 1271 1287 explicanda
1296 1242 1358 1283 est,
1395 1243 1436 1276 ut

194 1300 275 1335 libri
301 1300 384 1342 eius,
421 1312 463 1334 ex
488 1311 559 1345 quo
584 1299 688 1335 fluxit
713 1299 895 1335 Palatinus
920 1300 975 1334 vel
1001 1299 1186 1347 archetypi
1211 1299 1307 1335 illius
1338 1312 1432 1335 mar-

195 1359 293 1406 gines
333 1370 470 1394 ari-osas
505 1358 634 1404 partim
676 1360 712 1393 et
757 1358 898 1394 attritas
934 1358 1049 1401 fui-e,
1092 1357 1274 1393 librarium
1313 1360 1432 1394 autem

194 1419 346 1461 tantum,
384 1429 474 1463 quae
508 1416 579 1464 legi
614 1416 730 1453 adhuc
764 1418 930 1463 poterant
967 1429 1038 1452 uno
1078 1420 1199 1453 tenore
1234 1417 1341 1463 inque
1374 1430 1431 1453 ex-

196 1477 317 1513 tremis
343 1476 496 1512 versibus
522 1476 654 1512 lacunis
679 1489 750 1512 non
776 1476 937 1512 indicatis
962 1476 1178 1523 descripsisse
1203 1476 1356 1513 credas«.

695 1602 798 1640 lma.
823 1604 848 1651 5
873 1603 934 1640 39.

294 1682 380 1727 Ἐγὼ
406 1686 463 1731 μὲν
496 1681 582 1730 ὑμᾶς
617 1681 759 1731 ἡγοῦμαι
798 1682 846 1719 ὅτι
879 1683 1078 1733 Νικόμαχος
1112 1682 1175 1720 ὑπὸ
1209 1691 1271 1720 τῶν
1301 1685 1434 1733 ἐχθρῶν

198 1744 345 1782 πεισθεὶς
370 1749 432 1778 τῶν
456 1742 543 1790 ἐμῶν
567 1748 677 1778 τοῦτον
701 1746 754 1778 τὸν
780 1742 891 1787 ἀγῶνα
916 1743 1108 1788 ἀγωνίζεται.

297 1801 426 1837 Omnes
451 1801 517 1837 viri
543 1801 637 1837 docti
664 1801 818 1845 verbum,
856 1802 949 1838 unde
980 1802 1027 1837 ὅτι
1052 1805 1089 1837 et
1113 1815 1202 1849 quae
1227 1804 1432 1849 sequuntur,

196 1873 362 1908 suspensa
401 1861 482 1904 sint,
530 1860 645 1897 deesse
688 1861 947 1898 intellexerunt.
1009 1862 1174 1904 Quamvis
1208 1875 1245 1898 re
1280 1862 1372 1898 inter
1396 1874 1432 1898 se

197 1920 394 1963 concinant,
422 1920 464 1955 de
489 1920 555 1956 loci
581 1920 825 1956 emendatione
841 1920 941 1956 valde
957 1920 1167 1968 discrepant.
1218 1921 1299 1957 Jam
1325 1921 1432 1956 libra-

198 1980 270 2015 rius
295 1979 421 2015 codicis
446 1979 473 2015 G
503 1980 617 2015 locum
648 1992 773 2016 sanare
797 1979 941 2017 studens
964 1980 1119 2027 scripsit:
1156 1980 1220 2025 ἐγὼ
1256 1983 1313 2028 μὲν
1347 1978 1432 2028 ὑμᾶς

198 2037 340 2086 ἡγοῦμαι
354 2041 498 2085 νομίζειν,
515 2038 572 2080 ὅτι,
588 2039 683 2085 quod
698 2039 797 2074 nullo
813 2041 917 2085 pacto
932 2039 1074 2086 probari
1092 2040 1216 2085 potest.
1258 2039 1433 2085 Kayserus

198 2099 316 2133 autem
341 2098 404 2132 aut
439 2094 620 2132 ὑποπτεὺειν
655 2100 718 2134 aut
743 2095 928 2146 ᾐσθῆσθαι,
963 2099 1027 2133 aut
1051 2096 1179 2133 οἴεσθαι
1203 2097 1284 2132 addi
1310 2097 1432 2141 voluit,

198 2168 277 2191 cum
302 2155 521 2192 Hamakerus
546 2155 717 2201 ἐγνωκέναι
741 2153 824 2192 ante
848 2154 933 2204 ὃμᾱς
959 2169 980 2192 a
1004 2156 1156 2193 librariis
1172 2157 1337 2193 omissum
1362 2169 1434 2193 esse

280 2313 304 2353 1)
327 2314 533 2346 Commentat.
554 2315 587 2346 in
607 2325 662 2346 scr.
685 2314 790 2346 Graec.
814 2314 851 2346 V.
872 2325 901 2354 p.
926 2314 970 2346 11.
