1627 2765
785 196 833 231 26

186 311 254 348 οὐδ’
285 312 434 360 ἡγοὺμην
463 314 561 348 δεινὸν
589 312 677 354 εἶναι,
706 312 735 348 εἰ
763 315 954 361 τελευτήσας
979 313 1058 360 ὑπὲρ
1091 321 1149 362 τῆς
1184 315 1335 361 πατρίδος
1370 317 1429 350 τὸν

185 373 254 418 βίον
279 371 440 421 ὀρφανοὺς
462 374 521 408 καὶ
539 374 660 420 πατρὸς
683 371 959 422 ἀπεστερημένους
976 372 1093 415 αὖτοὺς
1119 375 1318 423 καταλείψω,
1340 373 1428 410 ἀλλὰ

185 433 269 468 πολὺ
294 433 420 481 μᾶλλον
452 431 481 468 εἰ
510 435 631 474 σωθεὶς
661 432 809 482 αἰσχρῶς
839 433 945 482 ὀνείδη
970 437 1030 471 καὶ
1054 434 1181 483 ἐμαυτῷ
1211 437 1270 471 καὶ
1294 434 1429 477 ἐκείνοις

184 494 339 540 περιάψω.
406 492 459 529 Cf.
484 492 549 528 111.
579 494 647 537 17„
675 493 755 529 VII.
782 494 853 538 35„
880 494 1009 532 XXVI.
1038 495 1083 539 9.‚
1111 495 1221 532 XXX.
1248 495 1307 532 32.

610 600 719 637 Orat.
744 601 889 638 XXIV.
926 603 951 649 5
976 602 1010 638 2.

284 668 326 704 Εἰ
360 672 418 718 μὲν
453 672 516 716 γὰρ
550 669 646 706 ἕνεκα
681 674 860 719 χρημάτων
894 678 1095 721 ωκοφαντεῖ,
1140 671 1168 708 εἰ
1197 672 1270 714 δ’ὡς
1305 671 1429 721 ἐχθρὸν

185 728 299 765 ἑαυτοῦ
326 743 366 777 με
390 736 569 777 τιμωρεῖται
594 731 748 777 ψεὺδεται.

285 789 399 830 Quam
424 791 629 839 corruptam
660 789 787 825 codicis
826 790 980 826 Palatini
1010 791 1219 837 scripturam
1256 794 1296 827 ut
1321 791 1428 827 corri-

184 849 293 894 geret,
332 847 508 893 Sauppius
539 848 727 894 legendum
770 861 841 884 esse
875 850 1037 885 coniecit:
1072 848 1110 884 οὒ
1146 853 1202 897 μὲν
1236 852 1299 896 γὰρ
1333 849 1429 884 ἕνεκα
1481 886 1485 890 ,

184 909 363 953 χρημάτων
389 919 429 954 με
470 913 672 954 συκοφαντεῖ,
708 905 736 941 εὶ
770 906 844 947 δ’ὡς
880 907 1004 955 ἐχθρὸν
1038 907 1153 943 ἑαυτοῦ
1188 921 1229 955 με
1253 914 1430 956 τιμωρεῖται

186 965 340 1012 ψεὺδεται.
393 965 518 1012 Neque
535 965 659 1001 dubito
676 967 837 1002 assentiri
852 966 1012 1002 Scheibio
1028 967 1064 1002 in
1082 967 1194 1014 praef.
1212 967 1265 1003 ed.
1284 980 1318 1014 p.
1335 966 1427 1003 LVI.

185 1025 379 1069 disserenti,
406 1026 474 1061 hac
499 1026 702 1061 coniectura
727 1039 869 1062 omnem
894 1027 1007 1073 perire
1032 1029 1249 1063 concentum.

284 1085 600 1121 Rauchensteinius
637 1098 786 1131 qnoque,
825 1087 886 1132 qui
917 1087 1154 1121 coniecturam
1188 1086 1428 1132 Sauppianam

185 1146 374 1191 receperat,
400 1144 636 1190 improbatam
664 1157 682 1179 c
708 1145 896 1180 verborum
932 1144 1055 1181 ordine
1086 1146 1244 1193 removit.
1310 1145 1429 1191 Atque

185 1203 334 1239 Cobetus
360 1203 641 1239 emendationem
656 1204 758 1246 eruit,
776 1216 846 1250 qua
862 1203 1004 1250 quidem
1020 1205 1263 1250 aequabilitati
1288 1217 1309 1239 a
1325 1204 1429 1250 Lysia

187 1263 341 1299 studiose
368 1262 572 1298 observatae
597 1263 803 1306 consulitur,
830 1263 933 1299 lectio
967 1265 1086 1299 autem
1110 1264 1241 1299 tradita
1275 1263 1326 1299 ita
1351 1276 1429 1299 mu-

184 1324 297 1365 tatur,
335 1324 377 1357 ut
412 1322 485 1357 fere
521 1322 628 1367 plane
664 1322 928 1359 exterminetur.
989 1322 1099 1358 Scribi
1136 1323 1226 1358 enim
1264 1323 1342 1357 vult
1376 1322 1430 1357 vir

185 1381 330 1427 linguae
355 1380 509 1415 Graecae
534 1392 617 1415 sane
643 1381 887 1426 peritissimus:
915 1379 953 1416 οὒ
974 1384 1031 1428 μὲν
1052 1383 1115 1428 γὰρ
1137 1380 1233 1416 ἕνεκα
1252 1383 1430 1429 χρημάτων

185 1446 388 1488 συκοφαντεῖ,
416 1437 484 1477 οὒδ>
509 1438 554 1479 ὡς
580 1438 705 1487 ἐχθρὸν
731 1439 845 1475 ἑαυτοῦ
872 1453 911 1487 με
942 1447 1129 1487 τιμωρεῖται.
1180 1440 1351 1477 Cobetum
1376 1453 1430 1476 se-

185 1500 258 1535 cuti
298 1501 382 1535 sunt
415 1498 596 1534 Scheibius
626 1500 662 1534 et
692 1499 1020 1542 chhensteinius,
1060 1500 1127 1535 nisi
1162 1499 1257 1546 quod
1293 1500 1332 1535 hi
1364 1499 1431 1535 viri

186 1559 280 1594 docti
318 1558 356 1593 in
397 1557 516 1604 priore
556 1558 811 1594 enuntiationis
851 1560 953 1604 parte
989 1558 1144 1605 Sauppio
1177 1561 1318 1595 auctore
1347 1561 1431 1595 ante

185 1623 377 1664 συκοφαντεῖ
416 1617 641 1651 inseruerunt
676 1629 874 1662 pronomen
910 1630 960 1664 με,
997 1618 1090 1663 quod
1126 1618 1231 1653 etiam
1266 1617 1373 1653 codex
1404 1617 1430 1652 O

185 1675 303 1719 habet,
331 1675 368 1711 ni
394 1674 512 1718 fallor,
540 1677 581 1711 ut
606 1675 881 1712 concinnitatem
912 1676 1134 1712 conficerent.
1191 1676 1241 1712 At
1272 1676 1431 1723 quamvis

185 1735 335 1771 Cobetus
360 1734 545 1771 lectionem
571 1735 741 1771 traditam
767 1748 937 1781 perquam
973 1735 1177 1778 mutaverit,
1214 1737 1323 1771 restat
1348 1748 1430 1782 par-

184 1795 294 1830 ticula
320 1797 388 1841 μέν,
415 1806 505 1840 quae
531 1794 719 1829 verborum
751 1793 972 1840 responsioni
1008 1797 1194 1841 repugnet.
1254 1795 1370 1836 Quare
1395 1797 1432 1830 et

185 1866 263 1890 eam
299 1853 417 1889 omitti
455 1853 569 1889 voluit
611 1852 884 1900 Frohbergerus.
938 1852 987 1889 At
1012 1853 1088 1900 ipsa
1113 1853 1239 1889 codicis
1278 1853 1432 1889 Palatini

186 1913 288 1949 lectio
314 1912 471 1949 indicare
496 1912 584 1947 mihi
610 1912 760 1955 videtur,
803 1925 873 1958 qua
914 1913 1055 1948 ratione
1090 1913 1187 1948 locus
1220 1913 1305 1948 satis
1330 1912 1432 1948 facile

184 1972 303 2008 sanari
328 1972 447 2018 possit.
500 1971 633 2008 Eodem
660 1972 755 2008 enim
781 1972 896 2015 modo,
924 1984 994 2018 quo
1022 1984 1093 2007 nna
1123 1984 1201 2008 vox·
1223 1973 1306 2008 ante
1332 1983 1432 2007 συκο-

186 2038 295 2081 φαντεῖ
320 2031 498 2075 exciderit,
525 2032 596 2077 duo
622 2031 729 2067 verba
755 2033 831 2067 arte
856 2032 950 2068 inter
975 2044 1011 2067 se
1027 2031 1215 2067 coniuncta
1241 2044 1261 2066 a
1287 2031 1432 2067 librario
1497 2048 1499 2050 v

187 2091 304 2126 omitti
346 2090 500 2136 potuisse
541 2078 629 2125 mi‘hi
671 2090 848 2126 videntur.
915 2091 1012 2132 Quae
1047 2102 1125 2125 cum
1156 2090 1208 2125 ita
1232 2090 1315 2133 sint,
1351 2091 1433 2125 ante

186 2155 376 2198 συκοφαντεῖ
401 2149 567 2185 excidisse
591 2149 766 2196 suspicor:
794 2161 850 2196 μοι
875 2148 1067 2195 ἐπιβουλεὺει
1092 2150 1155 2184 aut
1184 2148 1323 2190 similia,
1353 2160 1434 2184 cum

185 2210 294 2245 etiam
318 2210 356 2245 in
382 2222 433 2246 or.
460 2209 504 2244 X.
534 2210 556 2253 ξ
582 2209 605 2245 5
632 2209 690 2244 hic
716 2209 813 2244 locus
840 2210 970 2244 exstet:
1002 2210 1061 2243 καὶ
1086 2210 1143 2255 μὲν
1168 2208 1209 2255 δὴ
1236 2205 1296 2242 οὒκ
1321 2206 1433 2254 ὀρθῶς

187 2275 249 2304 τῶν
275 2271 455 2316 χρημάτων
480 2268 576 2304 ἕνεκα
602 2267 821 2314 ἐπεβοὺλευσα
847 2266 887 2303 ἂν
902 2266 1000 2314 αὐτῷ,
1022 2278 1174 2314 quocum
1197 2266 1434 2313 comparanda

185 2330 238 2364 est
264 2340 314 2364 or.
341 2327 403 2363 XI.
431 2327 451 2373 ὅ
478 2328 511 2364 2.
562 2327 618 2363 Ita
653 2327 682 2362 si
715 2326 820 2362 verba
857 2327 1094 2369 restituamus,
1132 2327 1168 2361 et
1201 2324 1434 2362 concinnitati
