1627 2765
782 186 827 221 21

180 303 504 351 στρατοπεδευόμενος
529 296 608 338 οὔτε
636 306 779 351 παρέσχε
815 305 897 352 μετὰ
930 310 991 339 τῶν
1026 303 1136 340 ἄλλων
1171 302 1283 339 ἑαυτὸν
1317 304 1421 347 τάξαι,

180 361 298 403 δειλίας
323 362 369 404 δέ,
396 361 452 404 ὅτι,
479 363 542 398 δεῖν
566 361 703 399 ἕκαστον
728 364 808 410 μετὰ
833 370 896 399 τῶν
911 364 1048 400 πολιτῶν
1068 364 1261 406 κινδυνεύειν,
1286 362 1423 401 ἱππεύειν

181 420 292 456 εἵλετο.

682 508 785 560 Ibid.
812 510 837 556 ξ
861 509 921 546 22.

279 577 365 623 Ἐγὼ
389 581 486 614 τοίνυν
507 578 596 621 ἀξιῶ,
614 578 652 615 ἂν
669 582 725 628 μὲν
749 578 961 619 ἀποδείξωσιν
984 578 1015 615 οἱ
1029 581 1173 625 λέγοντες
1194 582 1252 615 καὶ
1273 579 1422 629 αἰτοῦμε-

183 637 229 674 νοι
263 637 340 685 ὑπὲρ
379 638 587 684 Ἀλκιβιάδου
622 639 668 679 ὡς
704 639 933 686 ὲστρατεῦσατο
972 639 1005 675 ἐν
1039 646 1105 680 τοῖς
1141 639 1285 680 ὁπλίταις
1319 640 1341 688 ἢ
1378 640 1423 680 ὡς

180 696 316 731 ἱππεὺειν
341 697 626 744 δεδοκιμασμένος,
654 697 941 744 ἀποψηφίσασθαι.

284 756 399 793 Codex
415 756 441 792 G
456 761 537 804 post
552 756 826 805 δεδοκιμασμένος
841 757 1004 803 copulam
1021 757 1127 793 habeb
1143 756 1236 800 ἐστίν,
1268 757 1424 805 Scaliger

185 817 255 851 alio
282 817 385 852 modo
416 818 533 852 locum
565 829 688 852 sanare
720 817 862 862 cupiens
898 817 967 863 legi
999 817 1129 853 voluit:
1171 816 1193 864 ἢ
1223 817 1269 857 ὡς
1305 816 1425 853 ἱππεὺει

185 876 466 923 δεδοκιμασμένος.
533 876 583 910 At
622 888 665 911 ne
708 876 773 910 hoc
814 876 954 922 quidem
996 879 1078 922 apte
1119 876 1186 912 dici
1216 877 1424 923 intellegens

186 935 416 970 Marklandus
451 935 671 970 scribendum
706 947 776 970 esse
811 936 1008 970 conhendit:
1046 935 1068 982 ἢ
1094 935 1140 975 ὣς
1162 934 1273 970 ἵππευε
1299 936 1424 971 δεδοκι-

187 996 360 1040 μασμένος.
413 993 501 1029 Mihi
528 1006 608 1028 vero
634 997 714 1038 post
739 992 885 1043 ἱππεὺειν,
918 994 1011 1039 quod
1043 994 1079 1029 in
1111 994 1225 1029 codice
1262 994 1423 1030 Palatino

187 1055 248 1095 θεὲ,
275 1065 296 1087 a
321 1052 464 1087 librario
490 1051 530 1099 ἧν
555 1053 719 1088 omissum
744 1065 815 1088 esse
850 1053 998 1096 viderur,
1035 1053 1128 1098 quod
1165 1053 1329 1099 perfacile
1364 1066 1423 1088 cx-

188 1111 300 1146 cidere
325 1111 478 1156 poizuisse
504 1112 624 1146 elucet.

613 1226 720 1264 Orat.
745 1226 857 1264 XIX.
894 1228 918 1275 ξ
943 1227 1000 1263 22.

286 1297 520 1347 Ἀριστοφάνης
557 1296 641 1332 δὀὖν
675 1305 736 1332 τῶν
772 1300 950 1345 χρημάτων
984 1300 1024 1332 τὰ
1060 1301 1117 1344 μὲν
1156 1299 1288 1333 πλεῖστα
1328 1297 1426 1338 αὐτὸς

188 1361 361 1405 παρέσχεν·
387 1357 494 1404 ἐπειδὴ
522 1358 556 1392 δὲ
581 1355 654 1403 οὐχ’
684 1356 781 1392 ἱκανὰ
811 1356 861 1405 ἧν,
892 1358 966 1397 τοὺς
998 1358 1110 1405 φίλους
1142 1357 1250 1393 ἔπειθε
1276 1359 1425 1406 δεόμενος

188 1418 246 1450 καὶ
280 1415 490 1463 ἐγγυώμενος,
527 1418 586 1450 καὶ
620 1421 675 1450 τοῦ
711 1415 854 1462 ἀδελφοῦ
888 1421 944 1450 τοῦ
980 1415 1176 1462 ὁμοπατρίου
1212 1416 1426 1463 ἀποκειμένας

188 1474 263 1522 παρ’
287 1473 374 1522 αὐτῷ
399 1477 638 1521 τεσσαράκοντα
663 1480 745 1522 μνᾶς
770 1472 866 1510 εἰπὼν
890 1478 1126 1523 κατεχρήσατο.

288 1534 516 1579 Participium
542 1532 648 1575 εἰπών,
675 1534 768 1579 quod
796 1534 901 1569 habet
926 1534 1031 1569 codex
1060 1534 1253 1577 Palatinus,
1280 1535 1354 1569 iure
1368 1547 1425 1569 su-

194 1592 386 1638 spicionem
426 1592 579 1627 virorum
617 1592 798 1627 doctorum
822 1593 1020 1628 commovit.
1089 1593 1206 1638 Atque
1246 1592 1426 1627 Jacobsius

193 1651 295 1686 scribi
323 1651 437 1686 voluit
454 1652 586 1693 πείθων,
613 1664 682 1697 qua
698 1651 939 1686 emendatione
960 1651 1028 1686 loci
1049 1651 1237 1686 difficultas
1252 1664 1321 1686 uon
1343 1664 1426 1687 cou-

192 1710 319 1754 ficstur,
345 1722 425 1745 cum
451 1710 597 1745 eandem
613 1712 719 1756 atque
744 1708 839 1745 εἰπών
859 1710 1025 1755 praebeat
1043 1711 1279 1745 offensionem.
1316 1710 1426 1746 Cobe-

194 1771 252 1804 ’ωε
277 1770 387 1816 igitur
412 1769 509 1817 ἔχων,
540 1770 716 1815 Kayserus
752 1768 880 1815 ἀπορῶν
916 1769 1051 1804 maluit.
1113 1769 1427 1804 Rauehensteinius

191 1828 338 1875 Kayseri
364 1829 601 1864 conieci-‚uram
627 1829 767 1874 recepit,
804 1840 883 1863 cum
918 1828 949 1863 ei
984 1828 1215 1863 excusafionis
1249 1829 1310 1871 vis,
1337 1841 1427 1874 quae

192 1888 275 1923 huic
300 1888 405 1923 verbo
431 1889 567 1931 inesset,
594 1890 678 1934 apta
704 1888 888 1924 videretur.
940 1887 1131 1930 Scheibio¹)
1157 1900 1239 1922 vero
1274 1887 1426 1922 seriben-

193 1946 275 1981 dum
303 1947 441 1982 videtur
470 1946 580 1988 ἀπιών,
608 1947 701 1993 quod
727 1946 1026 1982 accommodatum
1052 1947 1098 1980 sit
1123 1946 1166 1980 ad
1193 1946 1227 1980 id
1255 1946 1347 1992 quod
1374 1958 1427 1981 se-

189 2006 327 2051 quitur:
354 1999 456 2053 τῇδὲ
480 2008 651 2053 προτεραίᾳ
677 2005 699 2053 ἢ
725 2005 868 2053 ἀνήγετο.

299 2065 349 2100 At
385 2077 505 2101 omnes
541 2066 578 2100 hi
619 2065 683 2099 viri
724 2065 818 2100 docti
856 2064 1089 2099 coniecturam
1130 2063 1264 2098 librarii
1302 2063 1428 2098 codicis

197 2121 426 2159 Laurentiani
453 2124 694 2170 neglexerunt,
731 2124 790 2169 qui
827 2122 967 2168 quidem
993 2123 1058 2157 hoc
1082 2122 1158 2156 loco
1184 2124 1279 2156 recto
1305 2121 1429 2156 ducssus

197 2181 329 2218 iudicio
355 2183 588 2226 iustissimam,
615 2185 657 2219 ut
680 2182 766 2218 mihi
793 2182 931 2228 quidem
957 2181 1105 2224 videtur,
1136 2181 1286 2227 protulit
1311 2193 1428 2216 emen-

272 2322 301 2361 1)
322 2322 360 2353 cf.
381 2322 475 2362 praef.
497 2322 571 2354 edit.
592 2333 621 2361 p.
642 2321 747 2353 XLVI.
