1627 2765
786 201 833 239 28

188 320 340 355 orationi
366 320 540 356 inseritur.
594 320 860 367 Accedit·quod
883 324 1003 356 nostro
1031 322 1108 357 loco
1136 321 1263 356 lacuna
1286 320 1345 364 ibi,
1370 321 1429 356 ubi

188 383 367 416 auctorem
401 380 528 415 codicis
564 380 590 416 C
631 393 707 416 eam
733 380 904 416 invenisse
939 383 1038 427 puto,
1071 381 1173 417 facile
1200 380 1428 428 intellegitur,

186 452 263 474 cum
291 440 454 474 librarius
480 440 585 474 verba
617 452 719 474 sensu
757 440 1003 487 coniungenda
1038 440 1134 476 facili
1170 452 1288 476 errore
1322 440 1430 475 etiam

184 498 358 546 scriptura
383 500 563 534 conectere
590 500 716 546 posset.

624 646 732 683 Orat.
757 646 881 683 XXV.
917 648 942 693 g
967 647 1000 683 2.

284 717 325 752 Εἰ
350 720 407 765 μὲν
432 716 489 752 οὖν
514 717 643 756 οἴονται,
671 718 692 752 ἃ
708 716 769 752 ὑπὸ
786 724 847 752 τῶν
863 720 1032 764 τριάκοντα
1050 721 1232 765 γεγένηνται
1248 719 1429 765 (γεγένηται

184 777 335 811 correxit
372 777 540 819 Domus,
583 790 686 822 quem
728 789 847 811 omnes
886 777 995 812 secuti
1034 779 1118 811 sunt
1152 777 1317 818 editores;
1359 789 1428 822 quo

183 836 268 877 iure,
296 837 512 871 accuratiore
539 848 626 881 opus
662 838 714 870 est
749 836 969 881 quaestione]
1005 842 1044 882 τῇ
1076 836 1177 876 πόλει,
1208 834 1289 883 ἐμοῦ
1323 848 1428 882 κατη-

183 897 366 939 γορηκέναι,
394 893 565 933 ἀδυνάτους
592 892 708 934 αὐτοὺς
734 892 877 941 ἡγοῦμαι
902 895 1011 938 λέγειν.

283 962 349 998 Hic
375 964 471 998 locus
496 976 599 1009 saepe
630 965 825 1008 temptatus
861 965 922 1004 est,
960 975 1038 997 cum
1075 962 1140 997 viri
1179 962 1271 997 docti
1299 962 1425 997 fortius

183 1022 466 1057 additamentum
492 1022 536 1056 ad
571 1035 688 1057 vocem
719 1025 980 1068 κατηγορηκέναι
1010 1021 1257 1056 desiderarent.
1310 1021 1428 1067 Atque

183 1080 363 1116 Scheibius
389 1081 641 1115 Marklaudum
665 1082 804 1115 secutus
839 1081 992 1125 scripsit:
1027 1078 1054 1114 εἰ
1080 1082 1137 1127 μὲν
1163 1078 1219 1114 οὖν
1249 1079 1377 1121 οἴονται,
1405 1081 1427 1114 ἃ

182 1136 243 1174 ὑπὸ
269 1146 331 1174 τῶν
355 1141 524 1186 τριάκοντα
550 1142 714 1187 γεγένηται
739 1145 778 1187 τῇ
805 1140 906 1180 πόλει,
933 1137 1017 1187 ὁμοῦ
1034 1142 1292 1186 κατηγορηκέναι
1311 1150 1343 1174 κ.
1356 1151 1382 1173 τ.
1395 1140 1424 1173 λ.

184 1199 445 1245 Frohbergerus
472 1200 579 1233 etiam
605 1212 722 1234 vocem
750 1199 850 1233 πάνθ’
878 1202 960 1233 ante
986 1197 1070 1245 ὁμοῦ
1096 1199 1254 1239 inseruit,
1281 1211 1427 1244 eamque

182 1257 463 1294 emendationem
505 1247 820 1294 Rauchensteinius
862 1269 1004 1304 quoque
1039 1257 1075 1293 iu
1111 1259 1248 1293 textum
1285 1257 1424 1303 recepit.

184 1319 422 1353 Franckenius
447 1321 565 1353 autem
592 1331 656 1364 pro
682 1321 941 1365 κατηγορηκέναι
965 1318 1068 1353 scribi
1085 1317 1197 1353 voluit
1221 1317 1311 1352 πάντ’
1337 1315 1427 1363 εἰρη-

182 1380 280 1412 κέναι.
338 1376 386 1412 At
413 1378 573 1422 quamvis
600 1378 696 1412 locus
721 1378 861 1419 habeat,
884 1377 977 1423 quod
994 1376 1158 1419 offendat,
1185 1378 1305 1411 tamen
1322 1375 1427 1410 verba

181 1436 312 1470 tradita
347 1436 491 1470 turbata
526 1439 618 1472 sunt.
681 1436 774 1470 Nam
809 1436 846 1470 iu
884 1436 997 1470 verbis
1041 1435 1122 1482 ἐμοῦ
1166 1438 1427 1482 κατηγορηκέναι

181 1494 273 1528 viros
299 1494 419 1528 doctos
448 1494 523 1528 iure
549 1494 731 1528 offendisse
757 1506 857 1539 nego,
885 1506 963 1528 cum
986 1494 1070 1528 haec
1096 1494 1202 1528 verba
1233 1493 1427 1527 fulciantur

180 1554 232 1596 iis,
260 1566 350 1599 quae
376 1555 460 1588 sunt
485 1554 522 1587 in
550 1553 568 1598 ἓ
596 1554 640 1588 5:
678 1556 762 1600 μέγα
793 1555 850 1600 μὲν
877 1551 932 1587 οὖν
962 1551 1104 1600 ἡγοῦμαι
1137 1555 1307 1600 τεκμήριον
1337 1550 1425 1593 εἶναι,

181 1612 227 1648 ὅτι
252 1613 338 1659 εἴπερ
364 1612 512 1648 ὲδῦναντο
540 1612 569 1648 οἱ
595 1616 772 1660 κατήγοροι
796 1611 861 1659 ἰδία
887 1626 926 1660 με
962 1612 1138 1648 ἀδικοῦντα
1170 1612 1341 1657 ἐξελέγξαι,
1368 1610 1428 1647 οῦκ

182 1672 221 1708 ἂν
246 1675 286 1707 τὰ
311 1679 374 1707 τῶν
398 1675 567 1719 τριάκοντα
594 1671 815 1720 ἁμαρτήματα
841 1672 922 1720 ἐμοῦ
948 1676 1149 1719 κατηγόρουν
1174 1684 1205 1707 κ.
1233 1685 1259 1707 τ.
1287 1673 1316 1707 λ.
1361 1665 1426 1707 Atss

179 1734 296 1767 tamen
335 1733 423 1767 mihi
458 1744 599 1778 quoque
636 1744 703 1766 vox
740 1732 897 1767 facinora
932 1732 1082 1778 triginta
1118 1732 1272 1766 virorum
1309 1732 1426 1766 omnia

179 1792 415 1838 complectens
442 1792 556 1827 deesse
583 1792 730 1834 videtur,
759 1804 838 1827 cum
863 1791 969 1826 verba
994 1791 1124 1826 tradita
1156 1791 1324 1837 languida
1355 1803 1425 1826 esse

184 1851 424 1897 unusquisque
465 1851 663 1897 intellegat.
729 1851 848 1896 Atque
894 1850 1059 1885 facillime
1105 1852 1303 1885 mutaretur
1346 1862 1425 1884 cum

181 1910 420 1945 Herverdenio
448 1909 470 1944 ἅ
496 1910 531 1944 in
560 1908 633 1952 ὅσα,
667 1909 726 1944 scd
753 1909 877 1944 fortius
914 1922 1028 1955 neque
1064 1910 1179 1944 minus
1215 1909 1316 1944 facile
1343 1910 1425 1943 ante

179 1968 201 2004 ἅ
225 1969 390 2004 inseritur
416 1968 552 2011 ἅπαντα,
581 1970 631 2003 ita
659 1972 699 2004 ut
725 1968 879 2014 legatur:
915 1967 942 2003 εὶ
974 1971 1031 2015 μὲν
1062 1966 1119 2003 οὖν
1149 1967 1267 2003 οἴονται
1298 1966 1424 2002 ἅπαντα

177 2029 200 2062 ἃ
229 2026 291 2062 ὑπὸ
326 2034 388 2062 τῶν
428 2030 597 2073 τριάκοντα
638 2030 803 2074 γεγένηται
844 2033 884 2073 τῇ
931 2027 1033 2067 πόλει,
1075 2025 1157 2073 ἐμοῦ
1197 2028 1424 2073 κατηγορηκέ-

177 2099 227 2122 ναι
257 2099 288 2122 κ.
315 2099 342 2121 τ.
370 2087 400 2121 λ.

679 2202 781 2240 Ibid.
808 2203 832 2249 5
857 2201 915 2238 33.

263 2273 365 2309 “Ωοτε
390 2276 425 2309 τὸ
452 2272 530 2309 αὒτὸ
556 2276 670 2313 πάντες
697 2272 848 2322 ἐμποδών
873 2271 958 2314 εἰσιν,
985 2271 1042 2308 ἐάν
1057 2285 1085 2307 τι
1106 2272 1144 2307 δι’
1166 2270 1276 2307 ἄλλων
1293 2271 1423 2317 ἀγαθὸν

175 2331 248 2381 ὑμῖν
273 2336 432 2380 φαίνηται.
