1627 2765
253 638 391 694 Herm.
420 658 595 705 Sauppius
619 671 699 694 cum
718 658 759 693 *in
787 658 936 704 epistula
961 658 1083 694 critica
1113 658 1156 693 ad
1183 658 1271 695 God.
1298 657 1388 693 Her-

154 740 323 764 mannum
340 727 471 774 scripta
487 739 607 762 omnes
623 727 756 762 codices
772 726 933 773 Lysiacos
959 739 1000 762 ex
1027 725 1145 761 codice
1167 725 1330 761 Palatino
1356 725 1388 761 X

154 797 343 843 descriptos
358 808 439 839 esse,
457 796 733 842 Bekkerumque,
760 796 821 841 qui
837 796 874 830 in
890 795 995 841 Lysia
1011 795 1220 831 recensendo
1236 795 1390 831 codicem

154 866 429 901 Lam-antianum
455 864 481 899 C
507 866 628 900 ceteris
645 865 768 910 Lysiae
793 865 891 899 libris
907 865 1069 899 omnibus
1094 866 1271 911 praestare
1297 865 1390 899 arbi-

153 936 268 970 tratus
294 935 381 976 erat,
408 945 538 969 errasse
563 933 806 969 demonstrans
837 934 1053 980 argumentis
1088 934 1285 969 certissimis
1311 946 1390 985 per-

153 1003 317 1038 suasisset
344 1003 424 1038 viris
450 1003 569 1045 doctis,
606 1003 770 1038 lectiones
804 1003 931 1038 codicis
963 1004 1058 1038 illius
1087 1004 1214 1038 acriter
1248 1004 1391 1038 investi-

154 1075 259 1119 gatae
283 1075 367 1107 suut
392 1085 413 1107 a
439 1072 606 1118 Kaysem,
633 1072 730 1107 cuius
755 1072 943 1107 collatione
961 1072 1102 1107 adiutus
1117 1072 1296 1107 Scheibius
1311 1084 1390 1107 ora-

155 1144 267 1177 tiones
298 1142 416 1176 edidit.
474 1142 652 1176 Lectiones
677 1144 793 1175 autern
830 1154 852 1175 a
883 1142 1038 1188 Kaysero
1075 1143 1230 1188 prolatas
1271 1142 1391 1177 multis

155 1211 239 1246 loeis
256 1211 406 1246 correxit
423 1210 456 1247 S.
475 1210 512 1245 Ρ.
530 1210 709 1256 Lampros,
726 1211 787 1257 qui
803 1223 897 1246 anno
915 1211 1010 1247 1875
1026 1211 1179 1246 codicem
1194 1211 1295 1246 illum
1310 1210 1390 1246 dili-

155 1281 280 1326 genter
304 1279 467 1324 inspexit,
494 1279 659 1324 vitiaque,
688 1279 725 1314 in
751 1291 841 1325 qnae
866 1279 1041 1324 Kayserus
1071 1279 1252 1322 inciderat,
1289 1279 1392 1314 affert

155 1349 192 1384 in
218 1347 396 1384 Huebneri
422 1347 492 1383 ind.
518 1347 604 1393 phil.
631 1348 699 1383 vol.
727 1347 769 1383 X.
798 1360 877 1394 pag.
904 1348 1109 1384 257—276.

253 1416 377 1462 Neque
412 1416 527 1451 minus
572 1418 668 1451 mota
703 1419 785 1451 sunt
819 1416 935 1452 studia
976 1417 1096 1452 critica
1130 1417 1392 1462 quaestionibus

155 1486 337 1528 historicis,
364 1486 583 1531 antiquariis,
610 1486 857 1532 grammaticis,
875 1486 1057 1521 rhetoricis
1072 1499 1135 1533 per
1151 1487 1269 1522 doctos
1283 1487 1392 1522 inter-

157 1558 271 1603 pretes
296 1555 468 1603 Lysiacos,
496 1556 827 1591 Rauchensteinium
854 1563 890 1591 et
915 1556 1197 1604 Frohbergerum
1231 1559 1267 1593 et
1292 1558 1392 1593 insti-

155 1626 242 1660 tutis
267 1628 302 1661 et
326 1625 556 1672 inauguratis,
583 1637 662 1660 cum
687 1637 729 1660 ex
755 1625 796 1660 iis
822 1625 865 1660 ad
893 1625 1069 1661 orationes
1095 1626 1218 1661 melius
1253 1626 1392 1661 intelle-

155 1694 287 1741 gendas
312 1695 348 1729 et
373 1693 607 1729 emendandas
633 1694 745 1729 multa
771 1693 1054 1729 redundaverint.

255 1763 351 1805 Quae
376 1775 454 1798 cum
480 1762 638 1805 ita-sint,
671 1763 736 1798 loci
772 1763 930 1798 nondum
960 1764 1043 1798 satis
1074 1764 1238 1809 explicati
1270 1763 1295 1797 ii
1321 1775 1392 1797 esse

157 1833 330 1876 videntur,
359 1833 484 1878 quibus
509 1832 681 1867 medicina
707 1832 864 1866 adhiberi
890 1845 1001 1877 paene
1026 1833 1158 1877 nequit.
1196 1832 1321 1877 Itaque
1336 1844 1391 1866 me

158 1901 251 1938 haud
277 1901 351 1938 sine
377 1902 596 1937 cunctatione
622 1913 662 1937 eo
689 1901 831 1937 ductum
859 1914 939 1943 esse,
957 1903 997 1936 ut
1013 1900 1272 1953 emendationes
1298 1913 1392 1936 meas

158 1983 363 2017 promerem,
390 1971 569 2006 confiteor.
