1627 2765
785 178 829 216 17

187 295 271 333 εἶναι
294 300 453 346 πρόφασιν
476 298 686 345 τιμωρεῖσθαι-
708 300 766 345 μὲν
790 297 906 339 δοκεῖν,
938 304 983 344 τῷ
1013 296 1125 344 δ’ἔργῳ
1156 297 1427 345 χρηματίζεσθαι·

187 360 314 397 πάντως
339 357 374 392 δὲ
398 359 456 404 τὴν
480 359 537 403 μὲν
561 358 653 392 πόλιν
684 358 844 401 γενέσθαι,
868 359 927 404 τὴν
952 356 1060 404 ἀρχὴν
1085 357 1213 392 δεῖσθαι
1238 359 1426 404 χρημάτων.

286 415 518 451 Marklandus
543 417 579 451 et
604 415 789 462 Emperius
814 415 931 451 locum
956 417 1161 462 corruptum
1190 416 1241 451 ita
1267 428 1428 452 correxe-

187 479 289 511 runt:
330 477 456 515 πάντως
491 476 526 510 δὲ
557 478 615 522 τὴν
640 478 698 523 μὲν
722 476 814 510 πόλιν
838 476 1002 516 πένεσθαι,
1037 477 1095 522 τὴν
1120 474 1257 522 δ’ἀρχὴν
1302 475 1429 510 δεῖσθαι

192 537 381 582 χρημάτων,
435 535 552 580 Atque
578 535 787 579 particulam
811 534 848 569 δέ
873 534 1091 569 inserendam
1117 546 1198 577 esse,
1225 546 1344 569 omnes
1364 535 1430 569 viri

188 592 283 629 docti
308 593 542 629 consentiunt.
595 593 647 628 De
673 593 760 635 loco,
798 592 856 628 ubi
892 592 1079 636 inseratur,
1116 605 1188 628 non
1226 593 1346 627 eadem
1377 595 1429 627 est

189 652 381 688 consensio.
430 651 524 687 Nam
549 651 728 687 Scheibius
743 651 994 696 Marklandum
1016 655 1052 687 et
1068 651 1273 698 Emperium
1290 655 1428 687 secutus

190 713 248 757 τὴν
272 709 408 757 δ’ἆρχὴν
433 711 559 745 δεῖσθαι
590 713 769 757 χρημάτων
792 711 923 753 scribit,
960 711 1276 746 Rauchensteinius
1310 712 1428 745 autem

188 772 224 804 et
250 769 509 816 Frohbergerus
534 782 556 804 a
581 769 727 815 Sauppii
754 769 912 815 partibus
938 769 973 803 δέ
990 772 1075 804 ante
1100 769 1227 804 δεῖσθαι
1244 769 1428 804 inserentis

189 831 296 863 stant.
347 828 396 862 At
421 829 579 873 quamvis
606 828 829 873 positionem:
856 830 914 874 τὴν
939 830 996 875 μὲν
1020 829 1136 865 πόλιν..
1158 855 1167 862 .
1191 855 1212 868 .,
1237 830 1295 875 τὴν
1321 827 1428 874 ἀρχὴν

190 888 224 922 δὲ
249 914 257 922 .
286 913 294 922 .
322 913 330 922 .
357 887 450 934 apud
477 888 660 934 scriptores
696 887 846 923 Graecos
880 888 1066 934 ipsumque
1104 887 1246 935 Lysiam
1278 887 1427 923 inveniri

189 947 284 982 hand
311 947 521 993 negaverim,
564 949 681 981 tamen
718 947 747 981 si
772 947 971 981 coniectura
997 947 1206 992 particulam
1232 947 1426 988 inserimus,

190 1005 370 1051 vulgarem
397 1017 495 1040 usum
522 1005 617 1051 sequi
645 1004 749 1047 malo,
777 1005 980 1050 praesertim
1007 1017 1087 1039 cum
1113 1005 1234 1039 eadem
1260 1005 1428 1039 facilitate

190 1064 264 1098 fieri
291 1064 406 1109 possit.
458 1064 572 1105 Quare
597 1054 675 1098 cum
702 1059 862 1099 Sche'ibio
888 1063 989 1098 scribi
1017 1064 1114 1098 volo:
1142 1066 1200 1110 τὴν
1225 1062 1378 1110 δ’ἀρχήν.
1393 1090 1401 1097 .
1418 1089 1425 1097 .

191 1122 315 1157 Altera
341 1125 458 1157 autem
490 1123 699 1164 coniectura,
727 1134 833 1167 quam
859 1121 1088 1157 Marklandus
1113 1124 1149 1156 et
1166 1122 1348 1167 Emperius
1363 1122 1428 1157 hoc

189 1181 266 1216 loco
291 1181 527 1227 protulerunt,
554 1193 632 1216 cum
646 1170 803 1225 &ewafiat
822 1183 1001 1216 mutarent
1020 1181 1057 1215 in
1077 1182 1240 1224 πένεσθαι,
1267 1180 1428 1216 omnibus

190 1240 262 1275 fere
288 1240 370 1275 viris
393 1240 503 1275 doctis
525 1240 673 1285 probata
695 1242 756 1275 est.
809 1239 1036 1281 Meinekius¹J
1057 1240 1278 1275 autem'haec
1298 1240 1428 1285 scripta

189 1299 295 1333 fuisse
325 1299 520 1344 suspicatus
555 1300 623 1334 est:
659 1301 786 1338 πάντως
821 1299 855 1332 δὲ
886 1299 949 1333 δεῖν
983 1300 1041 1345 τὴν
1070 1301 1127 1345 μὲν
1156 1299 1248 1333 πόλιν
1279 1299 1428 1342 γενέσθαι

190 1360 315 1406 μικράν.
369 1358 414 1393 At
442 1358 511 1392 iam
538 1370 559 1393 a
575 1357 870 1393 Rauchensteinio
896 1359 932 1392 et
947 1357 1130 1393 Gebauero
1146 1358 1342 1403 expositum
1363 1359 1425 1399 ost,

191 1418 280 1452 hanc
305 1418 539 1452 coniecturam
564 1418 757 1452 sententiae
782 1417 932 1460 obstare,
960 1430 1039 1452 cum
1066 1417 1160 1460 haec,
1198 1429 1288 1462 quae
1314 1416 1426 1452 verbis

189 1476 264 1510 istis
289 1476 419 1518 insunt,
446 1477 596 1522 triginta
633 1477 698 1510 viri
733 1478 941 1521 appeterent
976 1476 1036 1520 (ef.
1069 1477 1092 1518 ἓ
1119 1476 1191 1520 70),
1227 1476 1286 1510 sed
1312 1488 1353 1510 ea
1378 1487 1425 1517 re,

190 1546 280 1580 quae
306 1537 426 1570 nostro
453 1535 528 1570 loco
555 1536 730 1578 narratur,
758 1547 871 1581 neque
896 1536 1037 1581 possent
1061 1547 1175 1580 neque
1192 1534 1322 1569 vellent
1347 1546 1427 1580 per—

190 1594 300 1630 ficere.
350 1593 444 1629 Nam
470 1594 655 1639 pecuniam
680 1586 785 1629 medo
811 1595 856 1629 ab
881 1586 1064 1640 inquilinis
1090 1594 1283 1643 expressuri
1314 1596 1426 1636 erant,

189 1665 268 1687 cum
294 1653 370 1698 ipsa
396 1653 518 1687 civitas
543 1653 611 1688 iam
640 1653 760 1698 inopia
783 1655 979 1699 urgeretur,
1005 1653 1048 1687 de
1070 1665 1140 1698 qua
1163 1666 1199 1688 re
1215 1653 1335 1698 Lysias
1354 1654 1428 1699 ipse

191 1712 375 1756 permultis
400 1712 484 1746 loeis
510 1712 615 1746 verba
642 1712 736 1747 facit.
764 1711 822 1757 (cf.
840 1711 935 1746 XIX.
950 1713 1015 1755 11.‚
1032 1711 1141 1747 XXX.
1155 1713 1225 1754 22„
1248 1712 1342 1748 XXI.
1359 1712 1428 1756 13.)

287 1770 384 1812 Quae
409 1782 489 1816 cum
515 1770 564 1805 ita
589 1770 670 1813 sint,
687 1769 809 1818 Lysias
834 1770 1009 1816 scripsisse
1034 1763 1122 1805 mihi
1139 1770 1287 1813 videtur,
1316 1770 1427 1805 Athe-

191 1830 324 1864 nienses
349 1829 384 1864 in
413 1830 596 1875 penuriam
623 1830 692 1865 iani
720 1830 859 1866 venisse.
910 1830 1007 1871 Quae
1031 1830 1206 1865 sententia
1234 1829 1338 1865 verbo
1353 1832 1426 1865 tra-

190 1888 264 1923 dito
299 1889 449 1933 γενέσθαι
483 1888 638 1923 fulcitur,
701 1888 825 1934 Itaque
860 1888 924 1923 hoc
959 1888 1180 1924 retinendum
1216 1901 1286 1923 esse
1320 1890 1427 1934 atque

190 1949 269 1993 post
293 1949 443 1992 γενέσθαι
468 1948 678 1985 adiectivum
705 1947 829 1995 ἀσθενῆ
855 1948 1019 1983 excidisse
1044 1960 1177 1983 censeo.
1210 1948 1328 1993 Atque
1345 1959 1425 1994 per-

189 2018 290 2051 saepe
316 2006 409 2051 apud
436 2006 575 2050 Lysiam
600 2008 764 2050 γίγνεσθαι
789 2007 983 2041 invenimus
1008 2007 1233 2044 coniunctum
1258 2019 1338 2041 cum
1363 2007 1425 2041 ad-

189 2064 333 2109 iecffivis,
370 2065 476 2101 etiam
514 2065 573 2100 ubi
609 2065 738 2100 oratori
771 2065 876 2101 verba
912 2068 1052 2111 praesto
1087 2067 1198 2102 erant.
1258 2065 1426 2100 Couferas

189 2137 239 2159 or.
266 2125 364 2160 XIII.
392 2126 414 2169 ἓ
441 2127 505 2161 32;
533 2124 606 2160 ἀλλ’
630 2123 691 2160 οὖν.
716 2124 806 2172 οἶμαί
831 2138 866 2159 σε
891 2124 1022 2171 ἔξαρνον
1048 2124 1087 2161 ἂν
1112 2126 1262 2169 γενέσθαι
1287 2125 1309 2160 ἃ
1334 2124 1426 2161 ἐναν·

189 2184 254 2216 τίον
278 2181 468 2231 Ἀθηναίων
498 2182 647 2218 ἁπάντων
682 2182 851 2230 ἐποίησας,
903 2183 1058 2218 Similem
1095 2195 1194 2218 usum
1237 2185 1315 2218 viri·
1333 2184 1426 2218 docti

271 2311 298 2349 ¹)
318 2313 355 2343 cf.
376 2313 489 2342 Annal.
510 2313 586 2351 phil.
607 2313 666 2342 vol.
687 2313 724 2342 87
746 2322 775 2350 p.
797 2313 864 2342 369.
