1627 2765
786 186 832 222 12

183 305 292 340 enim:
320 306 379 340 καὶ
403 303 531 351 ἕτοιμός
546 302 620 352 εἰμι,
645 304 683 339 in
702 317 810 351 quam
826 297 1108 343 emendationem
1125 306 1233 342 etiam
1248 306 1425 354 Kayserus

183 363 316 399 incidit.
367 362 418 398 At
443 375 499 398 me
524 363 665 409 quidem
701 363 814 399 iudice
846 364 940 400 hand
977 367 1072 401 recta
1106 367 1169 400 est.
1235 364 1327 401 Nam
1354 366 1425 401 iam

184 425 267 459 ante
293 435 366 459 rem
392 422 566 471 agendam
592 424 698 459 testes
723 423 782 459 isti
808 424 919 460 actori
934 437 955 460 a
971 437 1030 461 reo
1047 424 1198 472 praebiti
1218 426 1312 469 sunt,
1331 424 1424 472 quod

183 495 262 519 cum
289 495 331 517 ex
356 482 433 528 ipsa
459 494 576 518 rerum
601 484 741 526 natura,
767 485 846 519 tum
871 496 914 519 ex
930 483 1044 519 verbis
1058 484 1321 530 insequentibus
1347 496 1425 531 per-

183 542 341 589 spicitur.
392 541 489 578 Dicit
524 541 618 578 enim
653 544 774 579 orator
807 542 845 578 in
880 542 900 589 ἓ
935 542 999 580 35:
1043 541 1137 585 οὗτος
1172 541 1262 580 δὀὐκ
1295 542 1425 593 ἤθελεν,

185 614 298 647 neque
323 600 440 644 ἐθέλει,
477 601 602 637 deinde
637 601 674 636 in
705 601 725 646 ἓ
751 602 799 638 36
830 601 917 638 haec
946 603 1046 638 nobis
1075 605 1280 639 occurrunt:
1317 602 1425 650 ἐπειδὴ

184 662 284 694 τοίνυν
320 659 400 707 ἐμοῦ
437 660 669 706 παραδιδόντος
705 657 800 700 οὖτος
835 660 1036 706 παραλαβεῖν
1072 659 1133 696 οὐκ
1167 660 1280 708 ἤθελε.
1347 661 1427 696 Mea

184 719 295 766 igitur
319 719 494 755 sententia
519 720 640 755 orator
664 732 754 765 quae
780 721 885 755 antea
901 719 1052 756 dixerat:
1080 722 1242 768 μάρτυρας
1263 722 1326 767 γὰρ
1341 719 1428 767 ἔχων

185 777 272 825 αὐτῷ
297 779 489 825 προσῆλθον
524 779 595 813 iam
630 779 827 814 accuratius
862 779 1016 824 exponit.
1076 780 1191 820 Quare
1225 780 1312 815 mihi
1348 792 1427 825 per-

186 849 327 872 suasum
362 838 424 880 est,
461 836 529 872 hoc
563 837 640 872 loco
678 837 858 883 praeteriti
894 838 1044 872 formam
1080 837 1259 883 postulari.
1311 837 1429 884 Atque

185 909 264 932 cum
280 895 379 944 ἤμην,
406 895 500 942 quod
517 895 596 931 libri
613 896 793 943 praebent,
813 897 1011 943 imperfecti
1027 897 1179 933 formam
1195 910 1265 933 esse
1281 898 1426 940 constet,

186 956 371 991 lectionem
398 956 557 991 codicum
584 956 796 991 retineamus
821 958 970 1002 oportet.

689 1063 794 1102 Ibid.
822 1064 846 1110 fi
872 1063 929 1099 37.

285 1131 367 1179 Περὶ
392 1131 473 1179 ἐμοῦ
499 1134 556 1179 μὲν
592 1134 654 1179 γὰρ
688 1130 716 1167 εἰ
741 1132 862 1177 ἔλεγον,
899 1130 966 1167 οὐδ’
999 1131 1038 1167 ἂν
1074 1131 1351 1181 ἀπολογήσασθαί
1375 1145 1430 1179 μοι

185 1191 352 1237 ἐξεγένετσ
378 1193 479 1237 τοὺτῳ
515 1190 570 1226 δἐἰ
596 1194 642 1239 μὴ
675 1191 876 1240 ὡμολόγουν,
913 1193 935 1227 ἂ
971 1190 1065 1233 οὖτος
1102 1192 1263 1239 ἐβοὺλετο,
1300 1190 1429 1240 εὐδεμιοζι

187 1254 288 1299 ζημίᾳ
314 1251 432 1299 ἔνοχος
457 1250 507 1299 ἧν.

287 1311 391 1354 Reus,
419 1323 498 1346 cum
524 1310 599 1356 ipse
623 1322 741 1346 servos
767 1322 848 1346 suos
865 1310 1081 1357 torquendos
1098 1311 1209 1346 actori
1235 1310 1429 1353 obtulisset,

189 1370 253 1406 hoc
279 1370 355 1405 loco
382 1369 545 1412 ostendit,
572 1370 610 1405 in
636 1370 702 1405 hac
727 1382 764 1405 re
778 1370 844 1405 sibi
861 1370 966 1405 fuisse
981 1369 1186 1416 periculum,
1213 1369 1429 1405 Nicomacho

186 1429 420 1472 securitatem,
446 1441 525 1464 cum
550 1428 580 1463 si
606 1429 729 1474 culpae
753 1441 790 1464 se
805 1429 1003 1475 arguissent
1018 1429 1119 1472 servi,
1146 1428 1284 1464 nullum
1309 1428 1430 1464 defen-

186 1488 292 1525 sionis
332 1489 449 1524 looum
474 1487 662 1523 habuisset.
715 1487 844 1523 Omnes
870 1488 1077 1524 recentiores
1109 1487 1258 1524 editores
1292 1487 1431 1524 addita-

187 1550 346 1584 mentum
372 1547 515 1593 aliquod
542 1546 777 1582 desiderantes
802 1548 839 1582 in
855 1559 938 1583 voce
957 1546 1068 1592 ἔλεγον
1092 1547 1325 1590 offenderunt,
1351 1559 1431 1582 cum

188 1609 247 1643 vix
272 1608 437 1653 cuiquam
463 1606 626 1642 Reiskius
652 1607 872 1652 persuaserit,
899 1608 1014 1642 mente
1030 1606 1074 1642 ad
1100 1606 1210 1651 ἔλεγον
1230 1606 1312 1642 addi
1332 1619 1431 1652 posse

188 1670 295 1702 κακόν
320 1666 375 1701 vel
402 1666 554 1713 δυσχερές
590 1665 768 1701 disserens.
831 1665 956 1711 Itaque
992 1665 1216 1701 Meutznerus
1252 1667 1287 1701 et
1318 1665 1430 1701 Froh-

190 1726 355 1772 bergerus
380 1724 484 1762 scribi
511 1725 699 1760 voluerunt
724 1724 756 1759 εἴ
776 1737 803 1759 τι
828 1724 950 1769 ἔλεγον,
977 1737 1047 1770 qua
1072 1724 1210 1760 ratione
1235 1724 1333 1760 locus
1358 1737 1430 1760 uon

188 1786 345 1826 sanatur,
372 1796 452 1818 cum
478 1796 658 1818 servorum
684 1783 886 1819 testimonio
913 1795 992 1818 reus
1017 1783 1124 1818 etiam
1149 1783 1321 1828 potuisset
1346 1796 1431 1828 pur-

189 1844 277 1891 gari,
305 1842 398 1888 quod
426 1842 464 1877 in
490 1842 557 1878 hac
582 1854 620 1877 re
646 1842 808 1877 futurum
842 1842 947 1877 fuisse
983 1842 1106 1877 elucet.
1168 1840 1292 1888 Neque
1327 1841 1432 1877 verba

189 1902 217 1938 εὶ
242 1902 353 1947 ἔλεγον
377 1907 478 1937 ταῦτα
504 1915 525 1937 a
551 1902 710 1949 Kaysero
742 1902 924 1948 proposita
960 1914 1033 1937 rem
1070 1902 1272 1947 explanant.
1332 1902 1430 1943 Quod

190 1962 371 1998 Scheibius
396 1961 545 1997 coniecit
570 1963 606 1997 et
630 1962 667 1996 in
684 1963 822 1996 textum
847 1961 978 2007 recepit
1003 1960 1146 2008 ἤλεγχον
1170 1960 1243 2007 ipse
1251 1960 1277 2004 ¹)
1302 1960 1431 1997 reiecit.

291 2021 473 2056 Bekkerus
518 2023 648 2063 autem,
693 2033 798 2066 quem
840 2020 1155 2055 Rauchensteinius
1193 2021 1330 2054 secutus
1370 2022 1432 2062 est,

192 2079 297 2114 verba
323 2080 346 2113 ἃ
378 2077 473 2119 οὖτος
510 2078 671 2124 ἐβοὺλετο,
707 2091 797 2124 quae
833 2080 916 2113 ante
953 2076 1085 2125 οὐδεμιᾷ
1116 2080 1217 2125 ζημίᾳ
1242 2077 1359 2124 ἔνοχος
1393 2077 1434 2125 ἧν

191 2139 370 2186 leguntur,
415 2138 600 2185 transponi
637 2138 750 2174 voluit
785 2140 865 2184 post
895 2136 1015 2182 ἔλεγον.
1078 2136 1127 2173 At
1166 2149 1245 2173 cum
1281 2136 1386 2173 verba
1412 2137 1434 2171 ἃ

192 2197 287 2238 οὗτος
314 2198 463 2243 ὲβοὸλετο
491 2210 542 2240 eo,
569 2210 640 2243 quo
677 2210 771 2232 nunc
801 2198 979 2243 leguntur,
1017 2198 1092 2232 loco
1129 2196 1260 2242 optime
1295 2196 1434 2231 intelle-

275 2326 301 2364 ¹)
322 2326 482 2357 Lectiones
503 2326 572 2364 Lys.
593 2325 627 2355 in
647 2325 726 2355 Ann.
748 2325 856 2364 philol.
878 2326 977 2364 suppl.
998 2335 1028 2355 n.
1044 2334 1101 2355 ser.
1123 2325 1147 2355 Ι.
1169 2335 1198 2363 p.
1218 2324 1285 2354 310.
