1627 2765
609 575 717 612 crat.
743 575 824 612 111.
876 577 900 623 ὅ
926 576 978 612 12.

272 647 401 691 Ὀλίγον
426 648 461 681 δὲ
486 651 605 694 χρόνον
639 648 856 694 διατρίψαντες
886 647 1094 695 ἐξερχόμεθα
1129 647 1194 694 ἤδη
1231 648 1415 695 μεθὺοντες.

173 704 260 740 οὗτοι
285 704 495 752 δ’ἐκπηδῶσιν
520 704 672 752 ἐφ’ἠμᾶς.

272 764 368 799 Haec
394 764 500 799 verba
524 764 685 799 codicum
712 776 841 810 magna
868 764 1027 799 laborare
1058 764 1266 799 difficultate
1297 765 1416 800 multi-

172 824 278 869 plices
303 823 538 869 interpretum
563 823 783 858 coniecturae
807 823 892 857 satis
917 823 1083 859 iudicant.
1142 823 1308 858 Schottus
1333 836 1416 869 pro-

172 882 292 927 posuit
331 879 418 916 οὗτοι
453 880 545 929 δ’ἥδη
586 882 662 928 μεθ.
697 880 770 916 ἐκπ.
813 879 965 929 ἐφ’ἡμᾰς,
1008 881 1167 916 Roiskius
1203 879 1290 916 οὗτοι
1322 881 1413 917 δ’έκπ.

171 940 312 988 ἐφ’ἡμᾶς
338 940 403 988 ἤδη
428 942 613 987 μεθύοντες,
641 941 773 975 Bakius
798 943 856 974 καὶ
881 941 922 987 δὴ
948 942 1024 987 μεθ.
1052 938 1139 975 οὗτοι
1163 939 1236 975 ἐκπ.
1264 939 1412 989 ἐφ’ἡμᾶς.

172 999 348 1045 Kayserus
384 1011 525 1045 quoque
560 1000 597 1033 in
633 998 698 1046 ἤδη
736 999 861 1034 vitium
896 999 1004 1034 latere
1040 1001 1170 1044 putans
1201 1000 1271 1045 legi
1303 1000 1414 1034 voluit

172 1060 241 1092 τότε
267 1058 308 1105 δὴ
335 1059 412 1105 μεθ.
442 1055 529 1092 οὖτοι
544 1057 616 1092 ἐκπ.
635 1056 787 1105 ἐφ’-ἡμᾶς,
814 1070 893 1092 cum
911 1057 1090 1092 Scheibius
1112 1058 1277 1092 maluerit
1301 1057 1413 1092 ἐνταῦ-

170 1117 219 1150 θα
245 1116 286 1163 δὴ
313 1117 390 1163 μεθ.
418 1114 505 1151 οὗτοι
530 1115 602 1151 ἐκπ.
630 1114 781 1163 ἐφ’ἡμᾶς.

269 1175 365 1215 Quae
390 1175 651 1209 emendationes
677 1175 837 1219 quamvis
861 1175 976 1209 sensui
991 1175 1220 1217 satisfaciant,
1247 1178 1363 1210 tamen
1392 1188 1412 1210 a

177 1232 290 1268 verbis
316 1226 458 1268 traditisv
491 1233 594 1267 nimis
628 1232 831 1275 abhorrent,
874 1245 981 1278 quam
1016 1234 1055 1267 ut
1092 1232 1234 1278 probari
1263 1233 1409 1278 possint.

173 1292 299 1338 Itaque
340 1292 459 1327 licebit
501 1292 608 1327 aliam
644 1292 737 1327 viam
784 1292 851 1327 loci
895 1292 1042 1327 sanandi
1082 1293 1270 1327 monstrari
1307 1295 1412 1338 atque

167 1351 329 1397 equidem
346 1351 485 1397 Lysiam
501 1351 675 1396 scripsisse
690 1352 862 1397 suspicor:
890 1349 999 1395 ὀλίγον
1014 1351 1048 1385 δὲ
1063 1354 1182 1398 χρόνον
1197 1352 1411 1399 διατρίψαντες

169 1408 389 1457 ἐξερχόμεθα.
417 1409 483 1457 ἤδη
510 1410 545 1443 δὲ
571 1411 745 1456 μεθῦοντες
771 1407 857 1444 οὗτοι
882 1408 1064 1456 ἐκπηδῶσιν
1089 1409 1139 1457 ἐφ’
1163 1408 1262 1457 ἡμᾶς.

267 1468 383 1503 Facile
418 1469 511 1503 enim
548 1482 569 1503 a
604 1469 748 1503 librario
783 1468 818 1502 δέ
859 1471 939 1513 post
974 1468 1039 1515 ἤδη
1077 1469 1229 1514 positum
1272 1469 1409 1515 neglegi

166 1527 319 1572 potuisse
345 1530 504 1572 apparet.
558 1526 693 1561 Deinde
724 1527 945 1572 particulam,
986 1539 1076 1572 quae
1111 1529 1193 1561 ante
1228 1526 1411 1574 ἐκπηδῶσιν

165 1585 200 1620 in
229 1585 326 1620 libris
352 1587 476 1627 exstat,
504 1585 549 1620 ab
575 1585 655 1627 alio,
694 1586 765 1631 qui,
794 1598 871 1620 cum
900 1585 1005 1620 verba
1031 1584 1095 1633 ἤδη
1122 1587 1294 1633 μεθύοντες
1321 1586 1409 1621 falso

165 1656 244 1678 cnm
271 1644 555 1679 antecedentibus
581 1645 822 1689 coniungeret,
840 1644 1121 1679 coniunctionem
1142 1644 1406 1687 desideraverat,

164 1702 322 1738 additam
348 1714 419 1738 esse
446 1702 582 1749 opinor,
610 1714 680 1748 qua
710 1702 847 1737 ratione
882 1703 1099 1749 corruptelas
1133 1715 1236 1749 saepe
1270 1705 1408 1738 exortas

166 1774 239 1797 esse
268 1764 415 1797 constat.
467 1762 654 1797 Structura
680 1765 799 1797 autem
819 1761 884 1808 ἤδη
906 1762 940 1796 δέ
959 1762 1089 1797 usitata
1105 1765 1167 1805 est,
1188 1762 1281 1808 quod
1298 1763 1410 1797 elucet

163 1821 218 1855 his
244 1833 286 1855 ex
313 1821 413 1855 locis:
443 1821 549 1856 eiusd.
578 1824 664 1856 orat.
691 1820 710 1865 ξ
740 1821 797 1856 17.
834 1833 883 1855 or.
911 1820 1005 1856 XVI
1038 1820 1056 1865 ἓ
1083 1821 1141 1856 20.
1179 1823 1267 1855 orat.
1294 1820 1407 1856 XVII.

162 1879 266 1924 510.
318 1879 452 1915 Audoc.
481 1892 533 1915 or
558 1879 623 1915 ΙΠ.
660 1879 679 1924 ἕ
709 1880 765 1915 10.

676 2004 785 2044 Orat.
812 2005 880 2041 lv.

261 2076 357 2110 Libri
384 2076 477 2110 hunc
503 2076 674 2121 praebent
700 2077 862 2111 titulum:
897 2075 1005 2110 ΠΕΡΙ
1034 2075 1315 2111 ΤΡΑΥΜΑΤΟΣ
1342 2074 1405 2111 ΕΚ

162 2132 412 2181 ΠΡΟΝΟΙΑΣ,
440 2132 547 2168 ΠΕΡΙ
577 2133 637 2169 ΟΥ
662 2133 747 2169 ΚΑΙ
778 2133 896 2169 ΠΡΟΣ
915 2134 989 2170 ΟΝ.

260 2194 394 2235 Quibus
420 2206 461 2228 ex
488 2193 602 2229 verbis
637 2206 776 2229 sensum
812 2194 977 2230 idoneum
1014 2194 1090 2229 elici
1127 2206 1226 2240 posse
1266 2195 1404 2230 nullum

159 2265 237 2288 cum
264 2253 438 2298 Taylorus
475 2253 626 2296 vidisset,
664 2254 813 2288 coniecit
854 2253 1055 2289 addendum
1089 2265 1161 2288 esse
1196 2251 1403 2289 AAHAON.

160 2312 210 2348 At
236 2313 344 2348 etiam
369 2312 435 2348 hac
461 2312 612 2359 probata
643 2313 845 2348 coniectura
882 2313 987 2348 verba
1021 2313 1166 2348 obscura
1202 2316 1346 2367 manent
1370 2316 1406 2348 et
