1627 2765
790 191 835 227 15

193 312 257 346 est:
294 316 408 350 κακῶς
439 309 490 345 ἀεὶ
516 310 622 355 λέγετε
647 309 686 346 δι’
708 308 811 352 οὐδέν,
846 310 952 346 simili
989 311 1136 354 ratione,
1173 323 1243 358 qua
1273 311 1310 346 in
1336 311 1355 357 ἓ
1384 312 1430 347 14

192 368 338 416 legitur:
379 371 525 414 γινώσκω
560 369 595 404 δὲ
630 374 682 405 νῦν
712 368 777 418 ἤδη
813 371 872 405 καὶ
909 370 1012 405 πάλαι
1051 372 1224 417 ζητοῦντας
1259 373 1427 419 πρόφασιν,

190 425 288 477 ἡνίκα
323 427 545 478 Θρασὺμαχον
578 425 664 478 ὑμᾶς
700 427 857 477 ἐφάσκετε
880 435 996 470 κακῶς
1030 429 1132 475 λέγειν
1156 428 1194 465 δι’
1218 428 1285 478 ἐμέ.
1338 429 1428 466 Con-

193 486 277 524 ferri
302 488 408 524 etiam
440 491 557 535 potest
582 490 604 534 ἕ
632 490 697 526 19:
725 488 814 525 ἀλλὰ
837 491 896 525 καὶ
925 494 979 525 νῦν
1002 487 1093 537 ὑμεῖς
1118 503 1159 537 με
1188 493 1286 537 μόνον
1314 496 1429 531 κακῶς

191 547 307 592 λέγετε.
357 546 629 584 Commendatur
654 550 774 585 autem
798 548 998 584 coniectura
1024 560 1101 584 mea
1124 548 1353 585 similitudine
1369 549 1429 584 lit-

191 607 359 651 terarum,
385 618 464 643 cum
492 607 595 643 facile
620 609 762 655 possent
786 607 907 643 verba:

450 675 609 713 ΚΑΚΩΣ
636 676 716 713 ΑΕΙ
744 675 836 713 ΑΕΓ
838 675 927 713 ΕἸῈ
954 675 998 712 ΔΙ
1025 675 1178 713 ΟΥΔΕΝ

192 735 377 782 depravari
402 737 456 772 in:

450 795 610 832 ΚΑΚΩΣ
652 795 712 832 ΑΣ
748 795 856 832 ΛΕΠ
873 795 918 831 ΤΙ
944 794 989 831 ΔΙ
1017 794 1180 833 ΟΥΔΕΝ.

291 864 468 901 Particula
494 864 543 901 ἀεί
577 868 697 902 autem
722 865 844 901 eodem
869 866 975 901 modo
1011 865 1147 901 duobus
1181 866 1294 902 verbis
1327 879 1430 902 sensu

192 923 456 960 cohaerentibus
481 925 646 960 inseritur
671 925 707 960 in
734 937 783 961 or.
808 925 920 963 XXV.
948 926 970 969 ἓ
986 925 1047 961 25:
1072 923 1107 959 εὖ
1133 927 1196 971 γὰρ
1220 925 1347 960 εἴσεσθε
1372 925 1429 968 ὅτι,

193 982 216 1017 ἃ
250 985 308 1031 μὲν
346 981 436 1019 οὗτοι
480 984 755 1032 ωμβουλεὺουσιν,
804 982 1006 1020 οὐδεπώποτε
1046 980 1120 1033 ὑμῖν
1148 983 1375 1033 ἐλυσιτέλησεν,
1407 985 1430 1019 ἃ

192 1041 284 1087 δ’ἐγὼ
309 1050 464 1091 παραινῶ,
491 1042 686 1092 ἀμφοτέροις
713 1042 764 1079 ἀεὶ
798 1050 869 1085 ταῖς
893 1044 1064 1084 πολιτείαις
1099 1047 1258 1092 συμφέρει.
1311 1044 1430 1092 Atque

192 1102 336 1138 omnino
363 1115 435 1139 non
471 1102 596 1139 desunt
630 1101 793 1151 ὑπερβατά
827 1104 864 1139 in
898 1103 1022 1150 Lysiae
1056 1103 1283 1140 orationibus.
1333 1104 1429 1146 Quae

192 1174 247 1198 res
273 1165 313 1198 ut
338 1163 505 1209 exemplis
530 1163 788 1210 comprobetur,
813 1164 959 1199 afferam
972 1163 1074 1199 haec:
1101 1162 1158 1198 Or.
1175 1162 1307 1200 XVIII.
1325 1163 1346 1209 ἓ
1361 1163 1427 1200 25:

192 1220 238 1256 ὧν
270 1220 358 1261 ἄξιον
391 1220 477 1270 ὑμᾶς
513 1221 757 1270 ἐνθυμηθέντας
792 1223 971 1269 προθίηιως
1007 1220 1084 1269 ἡμῖν
1123 1223 1302 1270 βοηθῆσαι,
1358 1223 1429 1258 Im-

193 1280 315 1327 primis
339 1280 428 1321 ἄΕιον
453 1284 489 1317 et
514 1281 619 1316 verba
654 1281 807 1316 eiusdem
841 1280 1037 1316 sentcntiae
1071 1281 1194 1316 ceteris
1236 1281 1348 1316 verbis
1372 1282 1428 1316 in-

192 1342 357 1376 seruntur
396 1342 504 1386 atque
545 1340 709 1387 genetivo
750 1340 855 1376 alicui
900 1339 1066 1386 postponi
1106 1340 1216 1375 solere
1259 1340 1431 1377 videntur.

193 1398 316 1445 Neque
341 1400 459 1445 aptius
484 1401 600 1445 potest
622 1399 772 1435 inveniri
809 1399 1018 1445 exemplum,
1053 1412 1161 1445 quam
1195 1399 1289 1445 quod
1316 1400 1352 1435 in
1379 1412 1429 1435 or.

193 1456 288 1494 XIV.
312 1457 332 1503 ξ
358 1458 406 1494 32
431 1460 498 1493 est:
525 1459 584 1493 καὶ
609 1460 666 1505 μὲν
687 1458 739 1506 δή,
755 1457 782 1492 ὦ
798 1457 911 1504 ἄνδρες
934 1458 1092 1499 δικασταί,
1119 1456 1229 1492 ἄλλων
1248 1470 1281 1492 τε
1301 1459 1431 1493 πολλῶν

193 1515 282 1556 ἄξιον
310 1516 416 1552 εἵνεκα
447 1514 544 1552 αὐτοῦ
570 1518 876 1565 καταψηφίσασθαι,
902 1519 959 1552 καί
984 1543 993 1551 .
1021 1543 1030 1551 .
1057 1543 1066 1551 .

292 1575 411 1621 Atque
436 1576 540 1610 etiam
568 1576 602 1610 in
630 1588 680 1610 or.
706 1576 783 1611 XX.
809 1576 829 1621 ξ
855 1577 902 1611 30
928 1575 1023 1611 ἕνεκα
1048 1589 1070 1610 a
1094 1587 1174 1610 casu
1200 1588 1262 1610 suo
1298 1576 1431 1611 disiun-

193 1634 302 1681 gitur,
339 1633 399 1669 ubi
436 1633 556 1669 eadem
592 1634 664 1670 fere
690 1636 742 1669 est
766 1634 956 1670 sententia:
993 1632 1038 1669 ὧν
1072 1636 1130 1681 μὲν
1164 1632 1182 1669 ὁ
1219 1636 1326 1682 πατὴρ
1360 1635 1431 1669 δια-

195 1694 348 1741 βέβληται
370 1692 416 1734 εἷς
431 1691 527 1741 ὑμᾶς,
549 1694 680 1734 δικαίως
701 1695 819 1729 τοὺτων
844 1694 891 1729 δεῖ
915 1692 1005 1742 ἡμᾶς
1037 1693 1133 1729 ἕνεκα
1153 1693 1347 1736 ἀπολέσθαι,
1364 1721 1372 1729 .
1392 1721 1400 1729 .
1421 1721 1428 1729 .

195 1751 249 1790 Cf.
273 1752 369 1789 XIV.
395 1753 416 1798 ἓ
444 1753 500 1789 15.

644 1889 752 1926 orat.
777 1888 850 1926 lx.
885 1889 910 1937 3
936 1888 968 1925 7.

294 1968 335 2004 Οἱ
359 1970 395 2004 δὲ
418 1972 529 2017 ταμίαι
548 1968 639 2005 οὐδὲν
654 1969 766 2017 ὅμοιον
784 1970 888 2004 τοῖσδε
903 1969 1135 2016 διανοηθέντες,
1154 1968 1431 2016 ἀνακαλεσάμενοι

195 2028 231 2063 δὲ
256 2027 412 2073 (inclusit
436 2028 526 2064 hano
551 2028 761 2075 particulam
777 2027 954 2064 Scheibius
969 2027 1148 2063 Reiskium
1174 2029 1210 2062 et
1226 2027 1429 2073 Empcrium

195 2090 343 2132 secutus,
367 2089 460 2123 recte
486 2090 527 2123 ut
547 2087 713 2134 videtur.)
737 2088 812 2129 τοὺς
837 2090 998 2135 παρόντας
1017 2089 1076 2122 καὶ
1099 2088 1157 2134 τὴν
1181 2088 1309 2134 γραφὴν
1333 2085 1431 2122 ἐσκο-

196 2151 312 2182 ποῦντο
336 2153 395 2195 τῆς
420 2145 523 2187 αἰτίας
548 2149 605 2194 τὴν
625 2150 792 2196 πρόφασιν.

295 2206 485 2243 Schillerus
509 2219 588 2243 cum
615 2206 764 2242 Franzio
791 2206 880 2242 nihil
906 2206 1036 2242 mutari
1062 2206 1150 2249 vult,
1176 2218 1254 2242 cum
1282 2205 1388 2242 verba
1413 2219 1432 2242 e

197 2266 389 2314 zeugmatis
413 2266 528 2314 figura
553 2266 640 2302 bene
665 2266 832 2312 explicari
848 2278 947 2312 posse
972 2266 1004 2301 ei
1019 2265 1214 2303 videantur.
1266 2264 1315 2301 At
1336 2266 1430 2302 haud

196 2327 289 2361 recte
314 2325 419 2361 verba
444 2328 503 2361 καὶ
526 2327 584 2373 τὴν
608 2328 735 2373 γραφήν
759 2325 1024 2373 coniunguntur
1037 2337 1119 2372 cum
1143 2324 1431 2373 ἀνακαλεσάμενοι,
